2944 4896
409 336 610 423 emansor
633 338 868 427 sununs
1113 340 1187 439 ⁴115

83 503 221 585 triplicis
241 515 328 567 sunt:
346 504 397 565 vel
418 506 496 566 enim
518 504 682 569 seeundum
703 505 860 589 uatiqnum
882 504 1087 582 differentias,
1104 528 1187 591 quea

21 612 22 615 ¹
84 591 208 653 eosdem
228 589 342 653 habent
360 602 455 652 snnds
475 592 513 652 ab
535 591 639 664 eodem
659 602 784 672 coeptos
806 591 978 673 principio,
998 594 1052 657 sed
1074 594 1106 655 in
1126 615 1186 654 no-

21 698 23 705 ’
81 676 220 735 minibus
239 676 393 752 diversus,
422 678 473 738 vel
496 679 583 741 stiam
612 678 643 737 in
670 677 841 738 nominibus
861 687 892 738 at
918 677 1033 756 rebus,
1061 699 1131 740 cum
1153 680 1187 740 iu

81 761 257 821 numinibus
283 762 414 834 scilicet,
453 763 486 823 in
507 782 654 825 annorum
682 772 783 823 autam
805 762 899 823 initiis
920 762 1039 825 duobus
1059 765 1108 824 vel
1129 764 1187 825 tri·

80 847 155 923 bus,
178 855 233 909 sut
253 847 293 906 ad
314 848 479 926 plurimum
499 849 531 909 in
553 858 669 930 septem
690 849 795 909 diebus
812 847 1005 923 dissentiant,
1028 850 1100 911 dum
1113 850 1186 911 anni

80 933 132 991 vel
155 932 269 993 mensis
285 943 480 1013 praevertunt
499 932 603 1013 initia,
632 954 668 992 ao
695 933 825 1014 danique
852 935 884 994 iu
907 933 1058 993 mensibus
1080 935 1185 996 eedem
1256 924 1259 935 ’

79 1016 263 1077 habentibus
297 1018 463 1099 principia,
499 1020 586 1079 aliter
614 1028 714 1079 sutem
741 1039 828 1079 suno.
880 1019 1007 1087 Romani
1037 1020 1128 1098 igitur
1155 1029 1186 1081 et

81 1103 194 1173 Grseci
217 1103 319 1165 eedem
341 1105 488 1164 mensium
508 1103 621 1165 habant
640 1104 744 1181 initis,
767 1104 866 1163 sedin
880 1104 1053 1167 nominibus
1066 1113 1185 1166 tantum

81 1188 236 1250 differunt.
282 1194 308 1248 Δ
328 1191 472 1250 Romanis
499 1193 612 1270 quippe
641 1190 694 1266 qui
716 1199 846 1249 vocetur
867 1189 996 1269 Aprilis,
1022 1210 1041 1250 a
1064 1190 1187 1251 Graecis

43 1280 47 1283 ’
80 1274 255 1335 Xanthicus
276 1277 461 1355 appellatur,
486 1276 628 1354 idemque
646 1274 736 1336 habet
755 1274 954 1356 principium:
975 1275 1089 1355 primus
1106 1277 1187 1338 anim

82 1359 146 1419 dies
164 1359 316 1420 Xanthioi
335 1362 451 1441 primus
473 1371 518 1422 est
539 1362 601 1421 dies
624 1361 747 1441 Aprilis.
788 1360 926 1421 Jsmvaro
948 1378 1059 1420 annum
1080 1362 1187 1421 ineunt

83 1445 193 1505 Graeci
216 1446 432 1525 sSeptembri‚
454 1447 581 1506 Romani
603 1455 700 1507 autem
722 1466 738 1505 a
760 1445 919 1522 ianuario,
941 1446 1046 1525 sicque
1059 1446 1186 1506 Romani

83 1539 111 1589 et
132 1531 242 1590 Graeci
263 1531 371 1593 ¹eedem
392 1530 505 1592 habent
528 1532 691 1606 mensium,
725 1551 785 1590 non
807 1552 880 1591 vero
903 1551 1049 1590 annorum
1071 1532 1186 1610 princi-

81 1616 150 1693 pis:
175 1618 309 1675 Rursum
332 1617 456 1677 Graecis
481 1626 512 1677 et
534 1615 741 1676 Alexandrinis
769 1637 806 1675 ao
821 1616 975 1695 Aegyptiis
997 1615 1101 1675 eadem
1114 1627 1186 1677 sunt

83 1721 235 1761 annorum
256 1700 357 1779 initia,
380 1723 449 1762 cum
470 1703 537 1785 ipso
562 1703 666 1762 eodem
687 1721 788 1760 mense
809 1699 927 1776 Thotlr‚
949 1721 1010 1761 non
1024 1721 1099 1761 rero
1122 1702 1185 1761 die·
1274 1734 1276 1741 ,

81 1785 138 1845 bus
159 1787 269 1847 iisdem
292 1808 402 1846 annum
423 1788 533 1848 ineant.
582 1789 642 1849 Sed
665 1807 700 1847 ac
721 1785 791 1844 anni
814 1796 845 1845 et
865 1785 1043 1844 Indictionis
1065 1785 1183 1845 initium

82 1871 200 1932 ducunt
227 1873 332 1932 Graeci
360 1873 460 1953 primo
482 1873 598 1933 'mensis
625 1893 642 1930 a
666 1869 807 1931 Romanis
837 1868 980 1950 appellati
1001 1870 1185 1948 Septembris

65 1952 145 2017 'diu
167 1957 365 2033 Alexandpini
386 1967 488 2031 autem
509 1958 640 2038 primum
662 1955 844 2036 Septembris
866 1955 976 2031 mensis
997 1954 1103 2014 diebus
1124 1955 1184 2014 tri·

82 2042 138 2102 bus
165 2052 393 2124 praevertunt,
432 2062 524 2104 xxrx.
550 2043 667 2102 seilicet
694 2040 804 2101 mensis
836 2041 963 2120 Augusti
992 2060 1073 2100 anno
1099 2040 1184 2101 inito.
1296 2042 1300 2051 '

84 2128 234 2189 llifferunt
255 2129 343 2188 etism
365 2129 447 2189 circa
467 2147 598 2202 menses,
621 2128 694 2187 dum
716 2126 841 2204 singulis
864 2126 1014 2186 mensibus
1028 2146 1105 2187 xxx.
1120 2125 1184 2194 dies

82 2213 272 2290 adscribunt,
300 2215 344 2275 its
365 2223 402 2274 ut
423 2233 529 2289 senx,
547 2212 655 2271 diebus
683 2221 823 2271 constent
841 2231 897 2271 xrs.
922 2230 1026 2273 eorum
1055 2230 1185 2285 menses,

82 2308 158 2378 quot
171 2301 193 2359 ii
218 2299 282 2371 dies
302 2298 481 2363 conficiunt:
503 2297 695 2377 complentur
715 2316 790 2355 vero
810 2295 1067 2363 vicesimotertio
1089 2296 1186 2375 ipsius

83 2386 209 2462 sugusu
238 2385 324 2459 anm's
353 2384 503 2462 singulis,
544 2383 694 2461 aliumque
721 2379 855 2441 afficiunt
886 2380 1018 2441 minoem
1048 2380 1185 2459 quinquo

83 2468 195 2533 (Rerum
222 2488 261 2530 ex
280 2471 409 2550 reliquis
429 2490 457 2533 v.
480 2464 605 2543 diebus,
633 2467 750 2526 scilicet
770 2484 858 2525 xxiv.
879 2485 952 2525 xxv.
973 2483 1063 2523 xxvi.
1084 2483 1185 2535 xxvii.
1285 2524 1289 2543 ἱ

84 2564 111 2614 et
131 2576 244 2619 xxvm.
287 2557 318 2613 Si
340 2560 413 2615 ve‘ro
443 2554 673 2637 quadriennium
702 2559 867 2627 occurrat,
896 2550 929 2625 id
952 2558 997 2615 est
1017 2549 1185 2625 Bissextus‚
1236 2630 1239 2634 Ι

84 2660 135 2701 sex
153 2638 236 2701 fiunt
256 2639 403 2721 ejusmodi
423 2641 567 2721 Eponae,
590 2639 637 2698 uti
656 2637 695 2707 ab
714 2638 752 2697 iis
774 2645 938 2714 rorantur,
959 2635 1084 2712 singulis
1106 2653 1186 2714 qua·

84 2716 242 2803 drienuiis,
273 2736 329 2785 s'ar
356 2724 483 2787 dierum.
527 2726 652 2789 Veteres
678 2724 773 2804 porro
799 2721 942 2801 Aegyptii
965 2740 1091 2781 oocsxv.
1118 2720 1185 2780 dias

82 2811 230 2877 duntaxat
252 2832 329 2870 enno
350 2811 581 2884 adscribebant,
603 2829 667 2870 non
687 2828 760 2868 vera
782 2825 907 2869 suenxs.
931 2805 1185 2884 quemadmodum

83 2898 227 2974 Romani,
254 2892 378 2975 Graesi',
409 2906 439 2957 st
459 2895 657 2969 Alexandrini
677 2914 733 2974 per
753 2910 849 2954 anuos
867 2912 1017 2955 uooounx.
1058 2889 1104 2949 tc
1118 2890 1186 2970 *ipsi

85 3003 150 3045 eum
171 2984 384 3045 Alexandrinis
407 2991 436 3043 et
461 2982 584 3043 Graaois
605 2981 677 3040 enni
696 2979 883 3062 principium
905 2977 1035 3059 ineunt,
1064 2984 1185 3056 etpost

84 3089 124 3134 rr.
137 3089 233 3133 annos
255 3077 323 3129 ante
344 3087 442 3129 unum
462 3066 558 3143 diem,
580 3067 697 3131 scilicet
716 3084 828 3126 xxvur.
842 3062 894 3125 dis
914 3063 1024 3125 mensis
1039 3059 1184 3137 Augusti:

85 3156 183 3234 sieque
207 3154 334 3232 singulis
354 3174 396 3214 rr.
413 3154 500 3231 annis
519 3170 681 3233 praeverso
704 3151 753 3211 dia
767 3169 848 3225 uuo,
870 3157 997 3228 propter
1008 3145 1199 3225 praedictos,

84 3256 231 3301 meeum.
252 3260 363 3316 anuos,
392 3236 572 3298 restituitur.
621 3236 735 3309 Quster
761 3235 840 3295 euim
870 3252 994 3293 uuum.
1017 3229 1184 3293 conficiunt

84 3344 228 3386 uosocrx.
271 3325 375 3385 Anum
396 3342 491 3403 porro
511 3332 541 3382 at
561 3342 674 3381 menses
694 3319 861 3381 seeundum
879 3318 1032 3391 Judssos,
1061 3334 1113 3374 seu
1135 3335 1184 3374 se·

84 3412 214 3472 eundum
237 3410 370 3470 divinam
394 3410 507 3491 legem,
535 3407 658 3467 nomine
680 3415 715 3465 et·
735 3424 769 3465 re
791 3427 808 3462 a
828 3402 969 3477 Grssuis,
991 3398 1133 3459 Romanis
1151 3409 1182 3459 st

85 3496 238 3578 Aegyptiis
260 3495 412 3556 differunt.
454 3493 607 3573 ldensibus
628 3490 708 3551 enim
727 3487 899 3556 lunaribus,
920 3483 1045 3563 singulis
1064 3483 1182 3545 dierum

84 3578 168 3645 xxnl.
190 3602 296 3643 eorum
316 3601 412 3641 annus
433 3589 568 3654 counit,
589 3577 688 3656 iisque
705 3571 936 3637 xn..menaibus
950 3569 1109 3650 completis
1131 3569 1181 3645 iq-

85 3676 129 3725 tra
149 3654 214 3730 dias
239 3687 355 3727 comm.
375 3666 501 3737 tacitis
522 3665 610 3724 tertio
639 3661 748 3743 quovis
777 3679 856 3721 anno
876 3670 1009 3723 mensem
1030 3654 1184 3729 decimum.
1286 3655 1291 3664 ’

84 3754 222 3831 tonum,
243 3752 420 3832 colligitque
439 3747 503 3811 dies
523 3769 638 3821 xxxsrr,
665 3744 763 3807 Habet
773 3755 883 3817 „autem
904 3745 1026 3805 omniuo
1048 3740 1182 3811 medium

87 3838 152 3897 anni
178 3854 335 3911 mensem,
361 3850 456 3982 quem
477 3836 570 3895 Nissn
591 3842 722 3911 vocant,
759 3851 821 3893 seu
835 3828 1042 3889 strumensis
1071 3826 1180 3901 Martii,

106 3923 137 3982 ui
157 3926 275 4005 primus
296 3933 341 3984 est
382 3924 427 3982 ies
447 3944 465 3985 a
486 3923 548 3982 Deo
571 3920 710 3987 conditus
728 3964 736 3994 ,
758 3937 821 3998 quo
848 3914 994 3996 quiequid
1016 3921 1078 3988 ast,
1104 3931 1180 3991 pre-

86 3938 171 4069 duxit
196 4030 235 4071 ex
254 4007 350 4069 nihilo
379 4009 456 4067 bena
483 4006 649 4068 seeundum
676 4003 772 4067 Patris
800 4002 993 4083 propositum
1015 4006 1045 4061 et
1067 4015 1180 4076 ooope-

85 4094 227 4157 rationem
248 4094 351 4155 Sancti
374 4093 522 4173 Spiritus,
552 4093 604 4171 qui
624 4090 761 4150 habitans
781 4088 815 4151 in
833 4095 934 4147 sancta
957 4104 1011 4144 sua
1034 4081 1126 4178 Matre
1148 4087 1180 4138 et

85 4174 227 4261 Virgine,
269 4182 400 4261 ipsomet
429 4198 506 4241 anno
535 4178 709 4239 incarnatus
736 4182 782 4236 est
794 4216 805 4248 ,
848 4192 885 4233 ao
911 4171 1041 4251 ipsomet
1066 4164 1115 4224 dre
1140 4183 1180 4222 ex
