2992 4894
551 989 924 1055 POSTERITATI.

359 1201 1065 1342 reserasse

663 1409 765 1465 UBI

150 1537 232 1624 nr
276 1490 581 1632 ‚tuerere
606 1545 883 1640 cuneatur
919 1500 1269 1660 essentiis

167 1766 170 1771 ·
271 1706 639 1834 caurenr'souu
660 1753 1000 1823 rasurarum
1020 1756 1156 1822 Aron
1179 1718 1182 1727 ⁴

378 1871 625 1940 essaeos
650 1873 1054 1942 cernissemus,

611 2055 820 2069 —uu—-nun—-n

151 2200 179 2262 1.
208 2149 365 2279 „Singuli
391 2203 517 2262 Panum
542 2202 656 2263 librum
690 2202 820 2283 αιιιμιιιαι
852 2204 1040 2283 exposituri,
1083 2203 1163 2263 sicut
1193 2201 1425 2269 ratioPraetutto·

152 2286 265 2364 exigit,
288 2286 326 2346 de
343 2298 467 2347 auctora
483 2296 514 2345 et
528 2288 651 2347 materia
666 2287 748 2366 ejus,
768 2289 951 2367 intentione,
973 2309 1062 2349 causa
1079 2298 1108 2348 et
1120 2288 1220 2366 titulo,
1243 2299 1340 2348 etnam
1353 2299 1423 2335 ⁰⁵⁰⁸·

150 2372 177 2431 si
195 2392 275 2450 ques
292 2372 349 2431 alia
364 2384 435 2434 sunt
449 2388 527 2452 quae
539 2371 732 2439 auditoribus
744 2382 774 2435 et
792 2373 958 2435 lectoribus
980 2374 1142 2433 faciliorem
1158 2373 1271 2435 inteili-

150 2458 282 2535 gentiam
298 2460 453 2538 sequentis
469 2459 570 2539 operis
586 2468 783 2538 praeparent,
807 2458 838 2518 in
852 2458 1030 2521 tractatibus
1049 2458 1112 2517 suis
1130 2459 1272 2538 praemit.

149 2552 215 2604 tere
230 2554 462 2607 consueverunt.
505 2545 545 2604 Et
562 2542 640 2605 baec
652 2543 774 2623 quidem
785 2543 887 2603 habita
901 2545 1019 2605 ratione
1033 2544 1095 2603 looi
1111 2552 1142 2602 ct
1155 2553 1271 2623 tempo-

149 2629 210 2706 ris,
231 2638 263 2688 et
275 2650 381 2690 eorum
403 2630 442 2689 ed
458 2649 534 2707 quoa
552 2651 651 2690 sermo
673 2629 830 2708 dirigitur,
854 2638 889 2691 ut
903 2630 942 2688 ad
967 2630 1097 2690 sormam
1111 2630 1270 2707 Evangeli-

150 2734 204 2775 cae
219 2715 434 2794 institutionis,
455 2716 724 2777 familiaeDomini
742 2736 915 2776 mensuram
928 2716 986 2776 cibi
1001 2715 1141 2775 salutaris
1158 2736 1271 2795 oppor-

150 2810 223 2860 tune
237 2801 422 2881 dispensent.
465 2802 557 2875 Nam,
580 2811 615 2860 ut
629 2803 672 2862 sit
687 2801 857 2876 Palladius,
878 2822 986 2879 magns
1001 2822 1072 2882 pars
1090 2800 1270 2881 prudentiae
1288 2840 1291 2847 »

149 2894 196 2945 est
208 2888 350 2947 consulta
362 2889 479 2949 ratione
491 2907 650 2967 personam
669 2887 751 2946 iliius
764 2888 818 2971 qui
830 2887 937 2947 scribit
948 2887 1114 2967 permetiri.
1120 2888 1139 2921 ‘¹
1180 2886 1271 2947 Hisce

150 2991 191 3031 ex
210 2972 325 3034 Joanne
349 2974 561 3033 sarisberiensi
578 2970 628 3058 1),
658 2974 830 3053 praemissis
849 2973 888 3037 ds
905 2972 1162 3043 Praefationibus,
1195 2991 1270 3051 ques

150 3053 255 3132 ueste
279 3054 460 3158 ἐπιγραφας
469 3068 561 3121 vocet
583 3058 773 3138 Epiphanius
795 3057 848 3141 ²),
877 3080 1028 3140 quasque,
1057 3067 1094 3117 ut
1115 3056 1195 3117 idem
1217 3058 1270 3135 ait,

146 3142 234 3202 libris
256 3144 321 3204 suis
346 3145 539 3225 praemittere
557 3144 693 3205 solebant
713 3143 838 3206 παλαιοὶ
860 3147 1060 3228 σνγγραφεῖςζ
1083 3143 1193 3223 quibua
1219 3104 1271 3206 daei

151 3228 329 3328 αἰνίγματος
349 3226 509 3309 deripuere
538 3229 695 3294 idsiasooe
713 3224 815 3309 πάσης
836 3228 1040 3309 ὑποκειμένης
1055 3229 1269 3311 πραγματείας,

149 3316 299 3375 neminem
321 3336 384 3375 esse
408 3316 553 3394 arbitror,
587 3316 641 3395 qui
660 3315 836 3396 priusquam
860 3316 899 3375 sd
925 3315 1053 3396 hujusce
1082 3315 1269 3393 Πασχαλίοα,

150 3419 202 3459 seu
216 3400 373 3461 Paschsiis
385 3400 546 3474 chronici,
567 3401 651 3481 quod
668 3401 751 3482 typis
766 3401 867 3478 Regiis
880 3401 1000 3481 prodit,
1021 3400 1182 3460 lectionem
1201 3400 1269 3478 qui·

150 3486 198 3545 vis
211 3487 354 3565 accedet,
382 3509 443 3547 non
460 3490 592 3547 fateatur
608 3488 690 3547 uitro
703 3487 833 3567 pretium
846 3507 910 3549 esse
923 3507 1049 3566 operae,
1078 3497 1114 3545 ut
1128 3506 1190 3545 non
1204 3507 1269 3546 mo-

151 3569 190 3629 do
205 3592 283 3650 quae
304 3594 371 3632 sors
392 3574 475 3633 illius
492 3573 599 3648 fuerit,
632 3583 699 3633 tum
712 3572 788 3652 quid
808 3572 839 3630 in
860 3571 918 3631 hac
940 3572 1070 3632 editione
1088 3572 1267 3651 praestitum

150 3655 191 3714 sit
206 3669 403 3736 agnoscatur3
425 3659 582 3720 sedetiam
595 3668 631 3717 ut
646 3660 915 3733 auctoritamus,
936 3660 986 3718 rel
1006 3660 1108 3719 saltem
1122 3678 1199 3737 quae
1214 3679 1269 3738 pa·

149 3740 224 3818 tria,
245 3745 286 3803 sit
305 3743 344 3805 de
357 3755 490 3844 utroque
512 3756 628 3821 tamen,
650 3745 734 3824 qued
751 3743 896 3805 hactenus
913 3744 1135 3825 inexploratum
1157 3753 1267 3820 manat,

150 3788 307 3908 quidpiam
322 3830 428 3890 resciri
444 3832 556 3909 possit,
586 3824 670 3909 quot
688 3830 799 3929 operis
807 3839 1031 3909 argumentum,
1052 3830 1174 3909 quodve
1187 3790 1268 3889 librd

139 3911 257 3973 'lemma
274 3916 389 3996 apponi
411 3916 563 3992 debuerit,
586 3915 693 3976 sedulo
714 3916 903 3997 inquiratur
926 3928 1006 3996 quae
1019 3914 1172 3997 quidem
1163 3935 1195 3974 tn
1209 3913 1269 3975 hac

150 3997 337 4062 Praefations
348 4022 407 4083 pro
421 4002 503 4064 virili
516 3961 715 4064 eximiusuda
732 4002 927 4084 suscepimus.

155 4177 362 4197 m

139 4284 259 4386 ‘pit
261 4284 323 4357 p.tst
343 4288 401 4343 172

185 4303 278 4423 )1n
284 4356 372 4428 Epist
389 4356 424 4410 ad
440 4356 579 4425 Auden,
605 4362 633 4413 et
648 4359 722 4414 Paub
740 4359 832 4414 Prasb
