3028 4898
269 257 303 383 J
424 309 638 379 „amomo
655 309 903 421 eremma-
1138 304 1221 423 ¹sea
1349 334 1352 341 ⁴

632 708 714 795 IX.

99 849 1217 996 nuouuomnrosronoaunparumn,

250 1048 307 1102 ur
323 1047 456 1103 norun
472 1046 621 1103 Nonum
639 1044 689 1102 ux
708 1048 846 1117 omens
863 1035 966 1106 susm
984 1052 1084 1108 ιιιιι.

196 1224 307 1283 Petrus
329 1231 361 1283 et
381 1220 520 1283 Andreas
537 1222 662 1297 fratres,
684 1232 723 1284 ex
740 1225 971 1307 patroioanna
991 1229 1221 1303 matraloanna,
1311 1267 1314 1276 .
1380 1187 1387 1202 .

117 1319 177 1371 arte
197 1309 386 1389 piscatores,
408 1328 447 1367 ex
468 1306 636 1387 municipio
655 1307 820 1373 Thebaida.

195 1395 330 1454 lacobus
359 1402 389 1452 et
417 1393 544 1452 loannes
566 1394 697 1465 fratres,
728 1417 767 1457 ex
794 1408 883 1479 patre
913 1376 1091 1477 Zebedseo,
1124 1407 1220 1459 matre
1281 1425 1283 1430 ·

116 1481 286 1558 Rieroolea,
309 1479 370 1560 ipsi
391 1477 480 1540 etiam
501 1479 676 1558 piscatores.

195 1565 358 1646 Philippus
378 1584 418 1623 ox
439 1573 524 1644 patre
548 1563 731 1646 Philiaanoa,
762 1576 858 1629 matra
887 1565 1018 1649 Sophia,
1055 1590 1095 1631 ιιι
1115 1568 1222 1631 muni

115 1653 189 1737 oipio
209 1650 385 1726 Thebaida,
405 1649 544 1710 instituto
566 1651 687 1729 auriga

193 1737 355 1811 Thomas,
379 1736 432 1815 qui
454 1747 484 1796 et
506 1734 675 1821 Didymus,
705 1757 775 1796 oum
797 1758 900 1797 sorore
922 1738 1011 1817 Lysia
1034 1750 1218 1820 nuncupata,

116 1843 151 1884 ex
169 1833 255 1907 patra
278 1819 457 1902 Diophane,
480 1832 577 1881 matre
599 1820 702 1901 Rhoa,
726 1844 764 1883 ex
785 1822 959 1893 Antiochia

195 1908 446 1969 Bartholomaeus
469 1927 507 1966 ex
535 1916 623 1989 patra
651 1906 812 1989 Sosthene,
841 1918 937 1969 matre
959 1908 1097 1988 Urinia,
1110 1907 1219 1986 Olitor,

117 2013 166 2057 seu
186 1995 306 2059 alenam
328 2002 418 2055 sator.

156 2079 398 2155 Thaddaeus,
428 2077 479 2157 qui
503 2086 533 2138 et
558 2076 736 2154 Lebbaeus,
775 2098 815 2138 ex
834 2088 921 2159 patra
943 2077 1095 2157 Neorefa,
1123 2087 1220 2141 matra

117 2165 235 2242 Selene,
254 2166 391 2226 Italicus.

60 2312 66 2326 ,
195 2251 329 2312 lacobus
351 2247 429 2310 Alfei
450 2244 546 2325 filius,
575 2266 614 2305 ex
634 2257 720 2326 patre
742 2245 905 2325 Androna,
935 2257 1030 2311 matre
1058 2246 1221 2333 Eutychia,

118 2355 153 2397 ex
169 2334 344 2418 Hierapoli,
367 2343 430 2394 arla
453 2330 638 2415 Lapidarias.

196 2423 386 2498 Matthaeus,
422 2416 527 2499 quiet
553 2416 645 2495 Levi,
671 2414 812 2476 instituto
842 2394 1043 2496 Publicanos,
1074 2438 1113 2478 ex
1133 2427 1220 2498 patra

118 2505 215 2585 Ruoo,
237 2516 337 2569 matre
358 2527 433 2567 vero
422 2441 647 2577 thirothoia,
669 2521 708 2561 ex
729 2501 872 2567 Galilaea

196 2595 305 2655 Simon
327 2590 510 2666 Cananites,
547 2546 754 2649 nomeholator
776 2574 902 2651 Domini
931 2589 970 2653 ad
1001 2589 1147 2670 nuptias,
1169 2608 1220 2659 ex

119 2688 197 2756 patra
220 2662 379 2754 Gallione,
402 2673 497 2736 matie
519 2695 592 2734 vero
614 2674 739 2734 Ammia.

197 2758 302 2829 Simon
321 2765 438 2827 Zelotes
461 2760 707 2840 cognominatus,
729 2780 773 2825 ex
789 2762 918 2841 Salem,
940 2771 1026 2842 patre
1046 2762 1175 2820 Zenone.

195 2851 276 2913 Nota
300 2848 496 2919 Thaddaaum
517 2845 623 2909 ludam
638 2844 741 2907 Jacobs
748 2892 758 2926 ,
779 2847 930 2910 Simonem
950 2867 1025 2909 vero
1046 2842 1219 2907 Cananitom

119 2934 242 2999 Zelotem
264 2960 284 2996 a
306 2938 389 2996 Luca
411 2928 503 2994 fuisse
525 2933 704 3015 appellatos.

198 3022 292 3089 ludas
312 3021 496 3087 linariolas(
520 3031 523 3041 '
