2944 4896
461 1176 816 1283 ur1sross
879 1262 882 1270 s

82 1346 427 1465 STEPHANI
454 1346 739 1460 usuum
767 1280 1190 1467 TuTuLuNus

295 1536 985 1625 luvruoucssnsssiuuu

125 1706 547 1797 EUSEBIUM
583 1705 1146 1803 RENAUDOTUM

184 1893 236 1948 os
256 1894 342 1952 nm
360 1896 411 1951 ur
426 1874 558 1953 nouus
577 1893 711 1953 crucis
732 1894 935 1950 sussssun
952 1897 1087 1957 csucn.

526 2083 737 2093 Ἣ

79 2206 268 2317 Extinctus
288 2257 336 2319 bis
357 2259 462 2321 diebus
478 2261 592 2319 amicus
605 2269 708 2320 noster
721 2279 856 2319 summus
874 2259 1000 2324 Carolus
1013 2261 1191 2346 Dufresnius

83 2340 221 2423 cangius
234 2340 270 2425 ¹)
298 2344 329 2404 id
350 2366 366 2403 a
387 2346 476 2406 uobis
497 2345 609 2423 exigit,
634 2342 744 2404 Eusebi
758 2341 944 2422 Carissime,
972 2357 1007 2407 ut
1031 2349 1192 2408 amicitiam

79 2438 233 2504 nostram,
259 2431 390 2509 quamsi
405 2452 476 2492 vera
490 2423 563 2506 fuit,
585 2429 631 2495 uti
645 2438 734 2491 certe.
749 2428 822 2502 suit,
844 2428 958 2490 firmam
972 2441 1003 2491 et
1014 2444 1192 2510 perpetuam

80 2524 238 2595 praestare
261 2517 289 2574 ei
311 2516 484 2593 debuimus,
507 2518 653 2594 integram
677 2534 746 2592 auga
768 2513 946 2576 defunctum
968 2536 1191 2597 conservemus,

83 2610 112 2660 et
131 2621 191 2680 pro
217 2611 324 2661 nostra
346 2602 428 2662 virili
452 2603 640 2663 elaboremus
664 2610 700 2670 ut
720 2599 881 2679 posteritas
902 2600 980 2663 scira
1003 2603 1102 2682 possit
1122 2605 1191 2683 quis

82 2683 175 2746 fuerit
195 2686 247 2757 uir
267 2686 319 2748 ille
340 2688 426 2768 cuitus
446 2709 528 2749 nunc
548 2689 663 2748 exitum
685 2685 839 2747 deflemus.
889 2686 995 2768 Itaque
1017 2709 1086 2748 cum
1111 2688 1191 2749 iuter
1293 2744 1296 2753 .

81 2792 140 2830 uos
156 2772 195 2830 de
214 2792 252 2832 ea
272 2793 307 2832 re
328 2773 586 2854 colloqueremur,
615 2782 726 2850 tuque,
752 2780 789 2830 ut
809 2773 939 2851 assoles,
966 2773 1068 2834 virum
1086 2775 1191 2834 multis

81 2856 226 2917 laudibus
251 2858 425 2935 extulisses,
454 2880 510 2939 ego
531 2880 607 2920 vero
640 2858 782 2919 dixissem
804 2857 972 2918 decrevisse
997 2880 1046 2921 ms
1075 2859 1192 2937 aliquid

83 2943 215 3003 scribere
238 2942 277 3003 de
295 2945 357 3005 vita
382 2944 460 3026 ejus,
484 2945 536 3025 qui
554 2946 639 3004 illum
664 2964 725 3003 non
744 2943 1002 3023 solumpublice,
1029 2954 1064 3004 ut
1087 2945 1192 3005 verbis

81 3038 150 3088 utar
169 3027 279 3105 Plinii,
308 3029 362 3090 sed
385 3031 474 3091 etiem
500 3030 658 3111 privatim,
672 3102 674 3105 Ι
690 3032 835 3109 quantum
856 3030 1044 3104 admirabar,
1072 3039 1191 3090 tautum

81 3114 261 3191 diligebam,
289 3125 405 3176 susos
431 3117 529 3177 solum
553 3116 685 3175 laudasti
711 3116 870 3175 consilium
896 3114 973 3174 illud
995 3135 1113 3190 meum,
1136 3115 1191 3175 sed

83 3199 173 3259 etiam
191 3199 334 3263 hortatus
354 3221 385 3262 es
407 3211 441 3260 ut
458 3202 491 3261 id
515 3201 734 3281 quamprimum
760 3199 917 3261 efficerem.
967 3201 1062 3260 Pareo
1081 3199 1190 3260 lubens

81 3281 249 3346 hortationi
264 3296 344 3346 tuae.
387 3286 470 3349 Haec
482 3307 553 3366 ergo
570 3297 641 3346 sunt
652 3307 730 3365 quae
743 3285 821 3347 scire
834 3295 972 3364 posteros
983 3286 1063 3346 volo.

168 3371 264 3433 Ortus
279 3381 326 3433 est
343 3369 486 3446 Carolus,
507 3372 554 3431 uti
569 3371 739 3432 domesticis
758 3370 909 3431 memoriis
927 3379 1116 3450 compertum
1136 3367 1190 3429 ha-

82 3453 206 3531 bemus,
229 3479 269 3518 ex
281 3458 404 3537 antiqua
416 3467 447 3518 et
460 3458 553 3518 nobili
566 3467 653 3537 geute
666 3456 892 3516 llufrssniorum
906 3455 989 3533 apud
1003 3453 1204 3513 Samarobri-'

83 3559 151 3605 vam
166 3544 384 3603 Ambianorum
404 3545 598 3615 clarissimam
621 3544 773 3603 civitatem
791 3541 825 3599 in
838 3539 996 3621 provincia
1008 3541 1127 3619 Belgica
1141 3560 1192 3609 se-

85 3629 204 3704 cunda3
226 3628 320 3709 eaque
339 3649 411 3708 gens
432 3629 610 3690 clarioribus
630 3629 800 3708 quibusque
818 3625 952 3708 ejusdem
972 3626 1054 3687 urbis
1076 3646 1112 3684 ac
1128 3625 1191 3684 cir-

84 3716 273 3795 cumpositae
288 3716 419 3801 regionis
433 3716 555 3777 familiis
569 3716 680 3775 inserts
702 3725 749 3775 est
767 3732 826 3794 per
842 3712 992 3775 connubia
1012 3720 1043 3773 et
1061 3710 1192 3770 affinita-

83 3806 140 3861 tes.
183 3802 252 3863 Non
267 3801 450 3863 immorabor
468 3801 503 3861 in
517 3800 710 3865 recensendis
724 3796 828 3866 Caroli
844 3797 1023 3879 majoribus,
1048 3817 1117 3856 cum
1135 3816 1191 3856 ue-

84 3905 143 3963 que
161 3888 374 3966 'genealogiam
397 3898 502 3949 texere
521 3888 631 3958 velim,
662 3907 718 3946 nec
737 3886 809 3944 satis
834 3885 888 3944 otii
912 3883 988 3941 mihi
1013 3901 1192 3940 concessum

3 4004 4 4017 κ
84 3970 124 4028 sit
138 3972 177 4030 ad
195 3974 415 4033 excurrentium
429 3994 485 4053 per
497 3973 670 4032 memoriam
684 3991 796 4030 eorum»
839 3970 902 4029 lllis
916 3971 1029 4039 virtute
1045 3987 1120 4039 sua,
1137 3965 1192 4023 ab·
1261 3962 1265 3971 ’
1381 3979 1384 3988 “

84 4056 123 4114 sit
134 4058 232 4117 verbo
249 4058 362 4118 invidia
372 4104 381 4136 ,
404 4059 559 4140 praeluxit
575 4055 698 4119 Carolus
705 4081 717 4135 ,·
741 4056 779 4114 ad
794 4075 883 4133 quem
902 4054 1063 4127 festinans,
1085 4050 1123 4109 de
1136 4071 1191 4128 pa·

84 4149 132 4200 tre
143 4162 243 4224 pauca
264 4145 374 4207 dicam.
417 4145 485 4205 Fuit
506 4145 532 4204 is
552 4142 725 4203 Ludovicus
742 4141 919 4202 Dufresuius
940 4135 1098 4218 Toparcha
1118 4133 1189 4194 Fri·
1240 4192 1242 4198 A

89 4484 93 4489 ,
119 4413 153 4485 ¹)
169 4414 278 4472 Obulcs
292 4414 327 4470 du
338 4415 438 4471 Fresue
450 4414 580 4485 Seigneur
594 4413 630 4467 du
644 4413 743 4481 Gange.
