2992 4894
248 275 274 369 ι
654 266 956 381 aarsrora.

250 442 414 512 uenarum
431 441 562 510 linono
583 441 706 509 Remu
722 441 900 510 Pnaucrcr
913 460 1064 509 ’cunm
1078 438 1163 508 dixit
1180 456 1360 507 aroanna-

252 547 324 615 ιιι
349 545 419 619 Our
444 545 519 637 ipsa
548 545 674 614 deiude
695 545 859 631 Graecia,
890 544 981 614 unde
1005 542 1077 613 hoc
1103 564 1190 635 opus
1205 545 1254 610 'in'
1273 541 1363 611 Gal-

158 659 162 673 ·
247 651 313 719 lias
336 650 430 719 Tuas
456 647 654 747 advectum,
689 649 783 739 quod
811 672 900 719 nuno
919 657 1069 769 npparet
1089 647 1127 715 in
1150 647 1230 715 Tuo
1251 645 1364 713 norni-

250 777 310 834 ne3
339 775 399 824 cur
427 752 519 844 ipsa,
548 753 707 842 inquam,
739 776 808 821 uon
840 752 1003 846 cujusvis,
1030 761 1088 818 aut
1122 774 1142 818 e
1165 751 1364 841 promiscua

129 862 206 919 Aaou
253 857 376 948 plebe,
403 867 459 923 aut
480 879 499 923 e
524 879 634 948 grege
656 856 885 947 Scriptorum,
912 855 1003 924 scd
994 856 1097 946 ipsius
1116 855 1234 925 Annae
1255 852 1363 923 Com-

88 930 361 1057 Cssmff'nenae
381 981 441 1028 ore
459 959 595 1052 Regem
616 960 797 1045 Franciae,
827 968 953 1051 quanto
984 968 1096 1027 autem
1115 957 1181 1026 illis
1200 954 1366 1047 tempori-

253 1066 370 1133 busto
390 1063 580 1131 minorem?
604 1064 741 1133 Rnoaar
761 1074 874 1134 tamen
903 1087 974 1133 esse
994 1063 1148 1147 Renoua,
1173 1076 1367 1131 maroneu-

253 1189 321 1252 oun
350 1188 505 1237 ouurnus
529 1190 590 1252 our
613 1189 676 1236 sun
703 1191 819 1239 canno
841 1191 945 1253 sunu,
977 1166 1012 1233 in
1037 1164 1203 1237 Alexiade
1228 1162 1368 1256 praedi·

253 1270 349 1339 cavit.
403 1269 495 1355 Quid
523 1271 615 1338 aliud
641 1294 744 1360 quam
763 1281 943 1364 perspecta
968 1269 1154 1340 Francicae
1177 1267 1367 1360 Majeeuis

242 1374 399 1466 ¹dignitas
434 1376 681 1462 auctoritasque
709 1377 861 1467 impulit,
897 1384 934 1444 ut
962 1396 1040 1442 cunr
1073 1395 1113 1441 ca
1142 1382 1228 1443 essct
1254 1371 1367 1439 Aleaii

254 1477 420 1547 Comneni
439 1478 584 1572 Augusti
601 1479 681 1563 filia,
703 1479 995 1571 lrnperatorioquc
1017 1476 1192 1568 sanguine,
1218 1498 1259 1545 ac
1275 1473 1368 1544 Cae-

254 1604 351 1649 sarea
387 1581 487 1649 etiam
525 1583 753 1672 appellatione
790 1583 931 1668 nobilia,
965 1581 1118 1673 palmam
1150 1579 1368 1651 nihilomiuus

254 1686 389 1776 Regiae
417 1685 677 1777 praerogativae
704 1688 823 1756 nostris
843 1686 1056 1777 Principibus
1082 1684 1171 1753 ultro
1194 1680 1370 1752 deferret?

255 1787 328 1856 Cur
350 1789 458 1859 alexii
480 1798 600 1882 postea
619 1812 744 1881 pepon,
777 1801 811 1860 et
843 1790 935 1860 idem
957 1789 1147 1880 Imperator
1176 1785 1371 1856 Constanti-

254 1891 471 1982 nopolitanus
509 1892 651 1963 Manuel
690 1893 901 1983 comnenus,
943 1916 1022 1966 cunr
1056 1891 1102 1959 ad
1135 1889 1371 1963 Alexandrum

35 2014 44 2025 ·
96 1994 174 2062 Apta
199 1994 436 2064 BurSummum
457 1997 659 2065 Pontificem
688 1998 814 2067 litteras
839 1999 953 2081 daret,
980 1994 1204 2075 Ludoricum
1215 1993 1370 2062 Franco-

117 2081 231 2187 '‘fibi''
256 2121 333 2167 rum
351 2099 489 2189 Regem
509 2100 855 2171 Pnorouoarnrssmn
877 2109 1106 2193 cognomento
1130 2098 1287 2182 donarit,
1308 2095 1372 2164 nisi

256 2201 360 2291 Regii
382 2202 515 2293 generis
541 2204 716 2273 nobilitate
742 2215 777 2274 et
796 2213 977 2291 vetustate,
1009 2201 1151 2295 perinde
1176 2208 1278 2290 atque
1300 2200 1372 2268 lm-

256 2305 343 2397 perii
365 2307 587 2395 amplitudine
615 2310 754 2380 cacteris
781 2311 872 2378 orbis
897 2307 1109 2398 Principibus
1138 2307 1243 2396 longe
1269 2324 1372 2395 prae-

257 2415 344 2476 stare
359 2410 545 2479 cumidem
560 2413 783 2502 agnosceret?
799 2411 909 2499 ¹Quod
924 2412 952 2477 si
967 2409 1135 2501 prioribus
1148 2408 1214 2475 illis
1230 2406 1268 2473 hi
1283 2402 1372 2473 tituli

251 2502 333 2604 jure
368 2513 489 2580 merito
517 2512 681 2604 adscripti
708 2515 824 2598 fuere,
865 2523 991 2602 quanto
1021 2511 1155 2603 potiore
1192 2509 1275 2579 Tibi
1311 2507 1372 2576 uni

258 2613 402 2682 universi
431 2623 645 2707 competunt,
684 2617 742 2705 qui
770 2638 901 2707 sparsas
931 2618 966 2683 in
996 2613 1133 2708 singulis
1162 2613 1301 2682 virtutes
1329 2634 1372 2682 ac

259 2715 375 2806 dotes,
407 2740 490 2806 quas
511 2727 625 2788 vetera
649 2721 832 2789 Annalium
854 2728 1072 2788 monumenta
1095 2724 1372 2802 commemorant,

259 2820 420 2891 collectas
445 2822 481 2889 in
509 2822 564 2891 Te
590 2844 657 2892 uno
686 2823 940 2915 repraesentas?
978 2822 1083 2908 Quod
1108 2822 1212 2914 igitur
1235 2822 1373 2891 Rasum

259 2923 434 2993 Maxumus
465 2926 561 2994 audis
583 2927 711 3016 ubique
738 2950 781 2997 ac
812 2928 951 3014 diceris,
981 2927 1059 2995 licet
1080 2948 1184 3017 aegre
1207 2926 1295 2992 ferat
1316 2924 1373 2995 in-

259 3035 340 3097 nata
359 3027 572 3097 Masnsrarr
592 3031 697 3100 Tuan
725 3031 934 3116 moderatio,
960 3052 1028 3099 non
1054 3038 1104 3097 est
1126 3039 1239 3099 tamen
1259 3029 1373 3117 impe-

260 3135 387 3198 tratura
409 3132 541 3205 anobis
561 3135 641 3223 quin
662 3136 711 3205 sic
731 3137 925 3215 sentiamus3
957 3157 1027 3203 non
1051 3133 1178 3226 poterit
1204 3132 1295 3202 hanc
1311 3129 1373 3198 af-

260 3232 351 3300 ferre
376 3234 446 3303 rim
483 3237 599 3307 animis
627 3237 835 3329 judiciisque
864 3240 1000 3311 nostris:
1040 3260 1119 3308 cum
1143 3238 1199 3306 rix
1231 3236 1374 3325 quisque

261 3346 413 3406 nostrum
438 3339 482 3407 ab
510 3341 585 3433 ipso
607 3343 725 3433 Reum
751 3345 884 3411 Renum
912 3342 1009 3411 titulo
1033 3342 1193 3411 abstineat
1225 3348 1258 3407 ct
1284 3346 1374 3406 tem-

262 3447 381 3530 peret,
414 3443 473 3530 qui
498 3453 624 3533 quanto
653 3447 801 3516 tamen
791 3469 825 3514 ιιι
845 3447 900 3515 Te
920 3446 1029 3514 verius
1059 3468 1162 3532 quam
1186 3442 1221 3509 iu
1244 3441 1375 3533 priscos

261 3541 467 3614 Parthorum
482 3555 517 3615 et
529 3550 706 3618 Persarum
718 3550 860 3671 Reges
850 3572 923 3641 ipse
940 3548 1127 3667 conveniat,
1151 3546 1282 3618 hunc
1258 3568 1285 3614 ιι
1301 3542 1375 3615 cui-

263 3645 356 3734 piam
366 3651 505 3717 caeteris
519 3650 963 3744 adjungercanimusfuerit,
981 3636 1058 3723 curii
1069 3651 1226 3742 Regibus
1235 3648 1375 3718 caetere

264 3770 333 3815 non
354 3753 459 3820 semel
474 3755 556 3822 sed
547 3758 690 3848 saepius,
712 3759 867 3847 quibus
855 3766 942 3826 stare
955 3777 1015 3824 eos
1026 3763 1206 3846 oporteret
1220 3776 1262 3823 ac
1269 3754 1374 3846 juva-

265 3860 327 3936 ret,
346 3838 443 3946 leges
462 3860 713 3950 perscripseris,
735 3885 820 3931 unus
834 3861 919 3930 belli
935 3883 1060 3950 nempe
1075 3881 1116 3929 ac
1129 3858 1224 3950 pacis
1245 3859 1282 3926 in
1303 3857 1376 3922 hoc

267 3955 352 4025 orbe
363 3959 495 4028 arbiter.
517 3962 678 4047 Quamvis
695 3975 809 4034 autem
819 3989 860 4034 ea
867 3964 1092 4033 sitauimiTui
1101 3960 1312 4054 magnitudo,
1321 3960 1376 4026 ni-

266 4057 318 4125 lril
333 4071 371 4129 ut
386 4064 534 4134 moliaris
548 4068 660 4136 famae
674 4069 849 4160 laudisque
862 4060 1051 4159 captandae
1066 4066 1160 4159 apud
1175 4087 1293 4145 omaus
1305 4070 1377 4131 stu·

268 4161 345 4233 dio:
366 4166 426 4235 sed
443 4169 510 4238 suis
523 4170 578 4241 Te
592 4172 761 4243 illecebris
774 4174 877 4243 virtus
889 4171 1112 4263 ipsatraxerit
1124 4170 1170 4239 ad
1184 4191 1301 4241 verum
1314 4166 1378 4261 da-
