2992 4894
254 284 305 355 42
663 272 966 342 PRAEFATIO.

253 469 288 509 se
308 448 495 509 existimatur
512 447 567 508 sub
590 446 804 525 Constantino,
833 457 886 509 aut
911 448 968 509 sub
992 449 1183 523 Constantio,
1211 447 1261 509 vel
1278 457 1361 511 certe

252 535 423 595 Anniauum
448 544 480 594 st
499 534 692 594 Panodorum
713 535 745 593 in
760 534 829 594 suis
850 534 1029 598 Paschaliiss
1059 555 1127 597 nam
1146 542 1179 595 st
1197 534 1361 596 italibros

254 640 325 683 saos
337 610 526 701 inscripsisse
537 629 666 682 tenatur
679 621 827 700 Georgius
838 621 998 701 syncellus
1009 618 1055 702 1).

82 796 239 881 ΑΡΡΜΜῙῙΒ
340 806 480 870 XXXIV.
524 804 590 866 Alia
604 793 760 887 praeterea
775 807 902 869 extitere
918 806 1088 885 Paschalia,
1111 806 1149 867 ds
1169 807 1278 887 quihus
1296 828 1359 867 non

88 867 343 990 ffiss‘ffss‘semel
364 895 425 971 agit
451 892 594 953 Paschals
626 894 709 973 quod
752 893 866 954 edimus
892 892 1081 953 Chronicons
1109 893 1206 954 veluti
1232 913 1267 953 eo
1289 894 1360 957 loco

162 1007 236 1062 1³29
252 983 305 1040 ubi
321 980 403 1039 illius
419 980 569 1059 scriptor,
592 980 629 1038 ab
647 999 726 1038 anno
747 1000 794 1040 111.
819 978 1004 1059 Olympiadis
1026 998 1118 1040 cxvrr.
1141 979 1361 1058 Syromacedo-

126 1075 237 1140 achates,
249 1076 326 1127 'num
342 1062 396 1126 sesi
408 1066 629 1144 Apamiensium
654 1082 747 1124 annos
766 1067 869 1144 putari
886 1066 929 1140 εἰς
947 1061 980 1127 sd
994 1058 1186 1144 Πασχᾶλιον,
1217 1064 1257 1123 ab·
1278 1084 1359 1123 anno
1404 1098 1414 1117 ι

88 1144 274 1215 ὓΡῑΙᾱθῐῦθ-ι.
293 1151 468 1211 Diocletiani
487 1152 638 1213 observat.
681 1153 725 1210 Ita
743 1151 816 1211 alibi
834 1151 939 1210 scribit
963 1172 978 1209 a
997 1151 1165 1215 Consulatu
1182 1149 1362 1208 Diocletiani

155 1231 210 1268 ⁰⁰⁸·
253 1238 381 1316 Augusti
398 1246 428 1297 et
444 1237 629 1314 Aristobuli,
651 1257 706 1296 seu
727 1257 805 1296 anno
827 1236 938 1297 Christi
958 1254 1110 1299 couxxxv.
1129 1231 1166 1296 sol
1180 1240 1362 1313 Διοκλητια·

251 1327 312 1386 νοῦ
330 1322 379 1402 ἔτη
395 1317 570 1390 τάσσεσθαι.
613 1322 697 1381 Idem
719 1322 847 1401 (lenique
867 1343 945 1381 anuo
968 1341 1012 1380 vr.
1036 1322 1134 1381 Pocae
1149 1329 1261 1379 certam
1276 1321 1318 1379 ait
1330 1341 1363 1380 ss

253 1426 399 1469 annorum
418 1409 565 1469 rationem
588 1417 757 1467 assecutum
779 1412 822 1493 cpi
846 1407 1006 1492 Πασχαλὶῳ
1027 1406 1161 1478 καὶτοῖς
1181 1406 1364 1488 Ῥπαταρίοις

252 1489 422 1574 ἐντυχόντα.
464 1494 553 1567 Quae*
573 1496 694 1572 quidem
708 1492 864 1552 Paschalia
886 1495 943 1552 alia
965 1512 1026 1551 non
1044 1502 1131 1568 sunt,
1151 1491 1177 1549 si
1190 1491 1265 1550 bene
1285 1500 1366 1550 c'on-

252 1580 345 1662 jicio,
366 1579 403 1637 sb
417 1578 557 1640 indiculis
574 1578 637 1639 illis
658 1579 870 1655 Paschalibns,
892 1579 944 1658 qui
968 1578 1049 1659 apud
1066 1576 1278 1636 Occidentales
1296 1578 1365 1635 sin-

254 1664 332 1745 gulis
355 1666 440 1739 annis
466 1665 546 1744 affigi
573 1667 672 1725 solent
698 1665 814 1742 Cereio,
843 1682 918 1745 quos
944 1663 1017 1723 inde
1038 1662 1197 1723 Paschales
1224 1661 1365 1738 dicimus,

254 1750 337 1830 quod
350 1751 451 1809 tabula
467 1751 538 1827 illa,
559 1751 593 1810 in
606 1756 679 1831 qua,
704 1751 828 1831 quodie
847 1750 1025 1810 celebranda
1042 1758 1120 1808 esset
1133 1766 1219 1806 sacra
1233 1744 1366 1808 Pascha·

251 1838 290 1895 lis
311 1837 485 1915 Festivitas,
513 1847 688 1913 annotatur,
717 1837 818 1896 Cereio
846 1832 919 1915 ipsis
946 1833 1140 1894 Paschalihus
1162 1832 1366 1913 appendatur.

252 1924 343 1998 Nam,
365 1933 402 1982 ut
425 1944 518 2002 supra
546 1923 715 2000 attigimus,
740 1942 808 1981 cum
832 1922 864 1979 in
887 1920 1023 1980 Concilio
1048 1920 1179 1979 Nicaeno
1206 1918 1366 1979 decretum

250 2016 344 2083 esset,
366 2018 400 2066 ut
420 2010 526 2067 eodem
541 2029 642 2067 omnes
665 2017 800 2086 tempore
816 2007 966 2066 Ecclesiae
984 2005 1095 2066 Pascha
1117 2003 1303 2064 celebrarent
1315 2002 1365 2082 ²),

249 2088 415 2170 datumque
431 2102 508 2152 esset
523 2092 735 2152 Alexandrinis
748 2093 914 2170 negotium,
937 2092 1064 2151 caeteris
1078 2092 1110 2149 in
1126 2090 1367 2150 ordinandorum

249 2187 422 2256 temporum
436 2179 561 2237 selentia
576 2180 790 2258 pautioribus,
811 2187 847 2236 ut
863 2178 1028 2255 legitimum
1046 2172 1220 2235 celebrandi
1232 2174 1367 2234 Pascha-

248 2262 289 2321 tis
304 2262 382 2321 diem
398 2264 504 2323 sedulo
520 2263 725 2343 inquirerent,
748 2283 912 2343 eorumque
932 2264 1056 2322 Praesul
1074 2261 1198 2321 caeteris
1219 2260 1367 2320 Ecclesiis

248 2347 416 2425 indicaret,
442 2351 558 2409 Summi
586 2350 730 2429 deinceps
756 2348 915 2409 Pontifices
943 2346 1143 2425 Patriarchis,
1171 2345 1367 2407 Patriarchae

250 2433 495 2515 Archiepiscopis
525 2445 555 2493 ct
585 2435 760 2515 Episcopis,
789 2435 813 2492 ii
843 2454 914 2494 vero
945 2434 1131 2511 singularum
1160 2432 1367 2492 Ecclesiacum

249 2521 448 2598 praepositis,
470 2519 606 2597 idipsum
626 2519 858 2594 denuntiabant,
881 2519 1001 2599 scriptis
1023 2519 1062 2577 ad
1085 2516 1222 2595 singulos
1235 2516 1367 2581 Pascha-

248 2604 346 2680 llbus,
368 2605 415 2662 uti
435 2603 603 2678 vocabant,
627 2606 789 2684 Epistolis:
819 2605 928 2683 quibus
949 2603 1100 2683 acceptis,
1125 2600 1368 2683 Epiphaniorum

247 2689 317 2765 die,
346 2690 396 2747 vel
415 2688 535 2748 Christi·
550 2691 713 2767 Natalitio,
743 2691 776 2749 in
801 2690 936 2749 Ecclesia
961 2689 1194 2749 denuntiabatur
1215 2690 1269 2767 qui
1299 2688 1368 2749 dies

249 2780 330 2834 esset
344 2775 397 2834 ille
410 2775 581 2851 Paschatls,
604 2786 639 2835 ut
655 2777 745 2836 est-in
760 2777 895 2834 Concilio
910 2775 1119 2834 Aurelianensi
1140 2794 1171 2833 1v
1181 2772 1225 2851 8).
1269 2775 1367 2834 Erant

252 2868 352 2918 annm
375 2880 427 2919 eae
449 2861 600 2939 Epistolae
624 2862 819 2941 Encyclicae:
850 2861 1016 2920 cumcuim
1038 2861 1076 2919 ad
1099 2880 1200 2918 omnes
1214 2868 1277 2920 toto
1293 2871 1369 2919 orbe

250 2943 376 3004 diffusas
395 2946 542 3005 Ecclesias
555 2946 683 3007 subinde
696 2947 896 3017 mitterentur,
919 2955 986 3006 tum
998 2946 1035 3005 ab
1052 2945 1256 3005 Alexandrino
1272 2947 1370 3005 Pras-

252 3029 333 3099 suls,
363 3039 470 3090 tunna
489 3033 611 3090 Summo
634 3032 795 3108 Pontifice,
825 3042 916 3110 atque
943 3032 1013 3092 inde
1033 3053 1050 3090 a
1074 3030 1276 3107 Patriarcbia,
1305 3050 1370 3090 non

249 3114 344 3173 modo
375 3116 453 3175 diem
475 3117 631 3176 inventum
656 3117 809 3178 Paschalis
829 3118 1044 3195 solemnitatis,
1073 3118 1177 3176 sedet
1201 3136 1312 3175 annum
1335 3115 1398 3173 in‘

251 3218 343 3275 quem
363 3200 428 3260 dies
449 3203 501 3262 ille
523 3204 691 3280 incidebat,
715 3205 847 3282 aliasque
864 3213 1036 3282 temporum
1061 3212 1146 3261 notas
1166 3201 1369 3261 continebant

251 3285 419 3345 Nemeum
443 3288 475 3347 in
507 3290 659 3368 plerisque
682 3289 849 3349 Provinciis
870 3308 1017 3348 annorum
1046 3287 1253 3368 potandarum
1281 3287 1370 3346 varia

250 3380 329 3430 esset
350 3374 446 3433 ratio:
475 3374 560 3433 verbi
581 3376 695 3454 gratia,
718 3375 769 3433 alii
791 3396 847 3454 per
868 3375 1013 3433 Consules
1033 3384 1064 3433 et
1085 3373 1286 3448 Indictiones,
1316 3371 1370 3430 alii

250 3474 269 3512 a
286 3457 399 3516 mundo
421 3459 563 3536 condito,
586 3461 638 3520 alii
661 3462 697 3521 ab
720 3461 803 3519 annis
829 3460 1010 3534 Alexandri,
1034 3459 1086 3518 alii
1105 3459 1141 3517 ab
1164 3474 1231 3517 acra
1245 3456 1369 3516 Diocle-

248 3540 350 3617 tiana,
384 3544 434 3602 alii
454 3545 490 3603 ab
509 3546 734 3623 incarnatione,
764 3545 814 3606 vel
838 3545 1016 3622 Nativitate,
1044 3545 1096 3605 vel
1118 3545 1291 3624 Baptismo,
1315 3551 1371 3601 aut

250 3625 392 3687 Passieno
409 3627 536 3688 Christi:
558 3631 650 3691 urbes
672 3632 801 3710 denique
826 3631 941 3710 aliquot
962 3632 998 3689 ab
1019 3651 1097 3690 anno
1115 3639 1293 3688 consecutae
1312 3621 1370 3689 ad-

250 3712 410 3791 τονομίας,
432 3734 486 3774 seu
500 3715 665 3793 libertatis,
688 3719 738 3776 vel
755 3716 843 3775 etiam
864 3737 967 3776 earum
991 3716 1149 3789 conditus,
1176 3734 1271 3773 annos
1295 3730 1370 3772 suos

250 3806 413 3873 putarent,
442 3820 564 3860 necesse
594 3812 658 3861 erat
679 3811 715 3862 ut
732 3803 882 3881 Epistolae
900 3802 971 3862 illae
985 3801 1167 3881 Encyclicae
1185 3799 1241 3858 hos
1265 3818 1371 3857 omnes

249 3890 423 3962 temporam
451 3884 700 3950 characterismos
728 3889 941 3966 continerent,
965 3882 1038 3968 quo*
1057 3884 1210 3967 quaelibet
1233 3884 1367 3946 Ecclesia

338 4172 368 4223 P.
387 4175 431 4229 35.

287 4169 298 4202 1

287 4170 321 4377 ἔξ
338 4241 434 4368 girolmi
446 4245 512 4338 med.
529 4247 588 4302 hat.
608 4249 635 4302 in
652 4267 677 4308 v.
703 4251 844 4305 Pssohulss
862 4252 1004 4321 Epistulae
1041 4251 1106 4308 Can.
1124 4251 1196 4304 Eool.
1214 4248 1272 4303 tu.
1287 4264 1310 4300 o.
1325 4246 1370 4304 61.
