3026 4900
277 349 353 424 ets
569 368 573 379 ’
684 326 942 420 'uorsa
1074 416 1076 421 .

180 544 185 549 ·
278 522 382 606 pepp,
399 517 569 581 eddidimus
591 541 650 599 pq,
671 519 716 579 its
734 528 770 580 nt
790 521 861 602 iuga
882 528 1018 602 arrepta,
1039 538 1108 583 cum
1122 538 1209 581 nense
1225 536 1379 580 cumcon-

277 616 471 686 sequeretur‚
498 605 622 665 domum
655 607 861 685 concesserit,
889 606 1006 669 mmusi
1033 604 1211 686 Theophani
1239 607 1379 666 concinat

277 692 426 771 Georgius
447 692 646 756 Hamsrtolus.

362 775 436 855 Peg.
458 779 531 846 639.
552 783 583 844 2.
629 771 839 862 Οὐολογέσου]
878 778 954 836 Cum
975 775 1220 856 hie-Vologesns
1242 785 1377 856 tempore

169 908 174 925 .
275 861 362 927 istius
383 863 549 924 obsidionis
569 863 734 923 Nisibensis
755 872 832 924 esset
854 863 1040 944 Episcopus,
1068 862 1138 923 inde
1158 861 1378 941 hallucinatum

276 947 492 1011 Theodoritum
521 950 679 1011 contendit
706 950 797 1010 llenr.
819 948 956 1011 Valesius
979 949 1018 1008 ad
1046 948 1304 1026 Philoatorgium‚
1326 949 1376 1027 qui

274 1033 419 1095 Iacobum
446 1056 481 1099 es
501 1045 565 1096 tum
594 1035 736 1114 dignitate
763 1035 899 1094 functum
929 1035 1043 1094 scribit.
1086 1035 1200 1095 Verum
1220 1033 1296 1095 huic
1319 1034 1378 1093 ob-

274 1119 401 1202 jectioni
426 1118 511 1182 haud
535 1140 620 1200 segre
648 1122 755 1203 reponi
778 1130 896 1199 potest,
936 1138 998 1180 non
1024 1119 1097 1180 inde
1127 1121 1252 1182 omnine
1277 1119 1377 1181 evinci

274 1204 471 1285 Vologesurn,
492 1225 561 1267 cum
582 1205 657 1267 haec
678 1207 793 1267 obsidio
818 1205 957 1279 Nisibena
979 1206 1125 1285 contigit,
1154 1205 1243 1266 istius
1264 1205 1378 1266 civita-

274 1288 314 1353 tis
335 1291 427 1353 inisse
448 1291 649 1374 Episcopum,
674 1294 724 1352 cui
746 1294 825 1353 forte
845 1291 1036 1371 interfuuit,
1059 1302 1222 1373 antequam
1244 1291 1377 1353 “tincto
1481 1332 1482 1361 ,

274 1375 402 1450 Iacobo,
422 1376 501 1437 hanc
522 1386 600 1438 esset
619 1376 747 1458 adeptus
769 1377 955 1456 dignitatem.

360 1462 432 1540 Pog-
454 1463 529 1530 659.
554 1468 584 1528 6.
627 1466 819 1544 Bmpooiooe
832 1462 856 1544 ]·
879 1464 922 1524 De
946 1463 1143 1537 vetranione,
1173 1482 1226 1522 sen
1249 1463 1376 1525 Vetera-

274 1547 381 1623 nione,
410 1548 455 1609 uti
477 1548 646 1629 appellatur
668 1549 704 1609 ab
726 1549 874 1629 Eutropio
904 1557 935 1610 et
963 1548 1080 1628 aliquot
1109 1547 1192 1624 sliis,
1221 1551 1320 1609 multa
1341 1568 1377 1607 ex

274 1633 478 1714 Scriptoribus
500 1635 690 1697 commentati
712 1646 784 1696 sunt
805 1633 1021 1696 Gotthofredus
1042 1634 1081 1694 ad
1103 1633 1301 1714 Philostorgii
1322 1634 1374 1696 lib.

274 1739 322 1782 ur.
344 1738 409 1799 cap.
428 1740 506 1780 xxti.
529 1729 560 1781 et
581 1722 804 1782 Santamsntius
823 1721 855 1781 in
877 1721 1076 1782 commentar.
1099 1721 1213 1781 Hister.
1482 1770 1483 1779 ,

361 1808 432 1883 Pae·
454 1809 528 1874 639.
550 1812 579 1873 7.
623 1813 671 1872 Εν
688 1811 797 1892 Nniop
817 1810 872 1887 τῆς
889 1805 1025 1886 lentior]
1048 1805 1124 1868 eod.
1145 1806 1245 1868 Vatie.
1268 1807 1377 1867 Not'ssi

272 1893 330 1971 τῆς
343 1893 469 1967 tenues.
511 1892 570 1953 Sed
590 1893 649 1972 leg.
671 1898 726 1976 τῆς
744 1896 891 1975 niuster.
915 1890 988 1952 ‘Est
1009 1892 1088 1955 enim
1112 1889 1218 1952 Nui'sus
1239 1890 1315 1950 urbs
1337 1891 1377 1951 ss-

272 1975 388 2058 lyriae,
417 1979 552 2060 quinque
574 1978 692 2039 dierum
714 1979 821 2039 itinere
846 1977 993 2059 expedito
1021 1976 1137 2039 homini
1167 1978 1207 2037 sb
1227 1976 1310 2037 latro
1332 1974 1379 2034 di-

273 2070 373 2135 stans,
394 2062 428 2122 in
450 2065 652 2125 Romanorum
670 2074 700 2125 et
720 2063 902 2144 Scytharum
921 2064 1032 2139 limite,
1063 2073 1100 2126 ut
1130 2073 1176 2124 est
1202 2063 1286 2143 apud
1316 2062 1380 2121 Pri·

274 2167 359 2207 scum
380 2147 412 2208 in
434 2149 574 2228 Legata
614 2169 653 2209 uo
676 2145 815 2224 Νᾶϊσσος
834 2150 1023 2231 appellatur,
1055 2158 1093 2209 ut
1118 2158 1148 2208 et
1176 2170 1194 2208 a
1224 2146 1379 2227 Stephano

273 2232 438 2312 Byzantio,
473 2236 561 2313 etin
591 2172 666 2297 dod.
694 2236 807 2300 Theod.
836 2235 912 2297 locis
943 2257 959 2295 a
989 2234 1189 2295 Gotthofredo
1228 2232 1378 2292 indicatis.

276 2317 369 2393 Quod
389 2320 512 2400 qnidsm
533 2322 682 2403 oppidum
703 2324 733 2382 in
756 2322 975 2383 Mediterranea
992 2321 1083 2382 Dacis
1105 2319 1210 2381 statuit
1225 2319 1379 2381 Hierocles
1482 2334 1483 2399 j

276 2405 495 2468 Grammaticus
516 2407 549 2467 in
570 2406 683 2469 Notitia
705 2407 902 2470 Provinciae:
932 2417 966 2467 nt
995 2417 1029 2469 et'
1052 2406 1243 2469 ltinersrium
1265 2404 1379 2466 Bnrde·

274 2491 412 2569 galense,
433 2494 622 2571 Constantini
645 2494 685 2559 M.
708 2504 793 2572 ertu,
825 2503 861 2554 ut
883 2494 1058 2574 Anonymus
1078 2492 1258 2553 Valesisnns
1280 2501 1310 2552 et
1331 2489 1379 2551 slii
1419 2568 1423 2575 .

273 2576 395 2655 quidam
418 2579 542 2654 volunt,
565 2580 773 2658 nobilitatum,
795 2578 938 2660 qnodque
963 2578 1109 2660 oppidum
1132 2587 1239 2659 postea
1259 2578 1287 2636 is
1309 2598 1379 2637 ms-

272 2663 381 2740 gnifice
403 2665 531 2726 ornavit
563 2661 682 2740 Noiudc
702 2686 775 2727 vero
796 2664 911 2726 dicitur
931 2664 1081 2746 Procopio
1103 2663 1213 2724 libus.
1237 2662 1278 2723 de
1296 2661 1377 2722 Bello

166 2749 188 2802 V
205 2745 258 2807 tea
276 2747 380 2810 Gotth.
401 2770 468 2832 cop.
485 2771 537 2811 xa.
557 2750 751 2812 Zosimo'lib.
772 2773 819 2814 111.
843 2760 873 2813 et
894 2748 1071 2832 Theophani
1092 2769 1172 2811 anno
1184 2769 1263 2810 neri.
1279 2746 1379 2808 Theo·

80 2868 82 2871 -
158 2886 163 2892 ,
273 2833 349 2894 dosii
371 2835 438 2894 Jnn.
460 2855 498 2896 ex
521 2835 594 2898 cod.
614 2837 816 2899 Peirescianns
836 2856 996 2918 perperam
1017 2857 1091 2898 vero
1113 2830 1243 2898 Nuoooio
1263 2833 1296 2893 in
1317 2832 1379 2895 sdi-

272 2928 322 2978 to:
349 2917 486 2996 Noessns,
515 2921 595 2981 lulio
622 2921 751 2982 Firmino
778 2921 832 2983 lib.
855 2942 888 2985 11.
912 2921 1037 2983 Mathes.
1058 2920 1235 2982 Marcelline
1260 2918 1377 2995 Comiti,

273 3003 445 3075 Amiano,
468 3007 626 3086 Anonymo
649 3008 824 3085 Valentino,
850 3017 880 3069 et
902 3009 978 3069 aliis.
1009 3006 1139 3081 Νέὸσος,
1158 3005 1289 3083 Georgio
1302 3008 1377 3085 Syn·

273 3089 351 3148 cello
374 3112 393 3170 p
427 3094 498 3158 882.
520 3093 658 3152 Socrates
679 3113 754 3153 vero
771 3094 825 3153 lib.
845 3114 880 3154 n.
901 3114 967 3175 esp.
988 3114 1061 3153 xxv.
1089 3096 1121 3152 in
1148 3091 1275 3172 lllyrico
1297 3088 1377 3172 apud

274 3176 415 3237 Sirmium
434 3199 449 3236 a
472 3177 617 3251 militibus
639 3179 770 3240 levatum
787 3180 1000 3241 Vetranionem
1022 3178 1149 3254 scribit,
1171 3188 1207 3238 ut
1221 3186 1252 3237 et
1266 3178 1378 3236 Auctor

275 3261 435 3324 chronicis
465 3263 497 3323 in
520 3264 643 3345 illyrico
664 3266 778 3345 pariter
805 3265 941 3327 Orosius.
984 3265 1043 3324 Atii
1071 3272 1187 3339 autem,
1208 3271 1244 3322 ut
1263 3263 1378 3336 Victor,

167 3391 173 3400 -
272 3349 496 3431 Hieronymus,
530 3359 560 3410 et
586 3352 736 3431 Prosper,
767 3351 850 3431 apud
884 3352 1013 3411 Mursam
1037 3350 1069 3410 in
1099 3349 1269 3410 Pannoniae
1297 3345 1377 3429 spnd

272 3437 411 3497 Naissnm
433 3455 506 3496 vero
529 3458 544 3495 a
568 3438 742 3498 Constantio
771 3439 884 3516 regium
919 3438 1035 3515 insigne
1059 3439 1086 3496 ei
1116 3437 1286 3495 detractum
1308 3433 1377 3492 Hie-

274 3540 435 3602 ronymus,
458 3531 489 3581 et
508 3543 549 3583 ex
570 3544 605 3584 eo
627 3524 773 3604 Prospera
795 3523 876 3603 apud
898 3523 1039 3583 Sirmium
1061 3523 1244 3585 sozomenus
1265 3518 1317 3580 lib.
1335 3537 1375 3578 iv.

237 3628 249 3664 s
274 3626 340 3684 cap.
364 3628 406 3667 ιο.
429 3608 576 3668 scribunt.
621 3609 667 3668 Ex
693 3609 732 3669 iis
754 3610 860 3669 saltem
881 3608 972 3670 liceat
992 3608 1131 3686 colligere
1159 3605 1256 3667 hocce
1282 3603 1377 3664 Chro-

272 3691 363 3753 nicon
393 3692 433 3751 eii
458 3693 550 3753 variis
576 3694 799 3774 Scriptoribus,
835 3694 893 3755 sibi
917 3694 1048 3755 invicem
1076 3713 1137 3753 non
1164 3706 1377 3773 usquequaque

271 3777 496 3848 consentaneis,
519 3797 583 3839 esse
604 3782 859 3842 consarcinatum.
890 3780 1045 3840 Caeterum
1068 3774 1206 3841 Nuu‘eodv
1226 3777 1265 3836 ab
1287 3773 1377 3835 atriu

272 3882 412 3923 eversum
434 3863 528 3923 luisse
550 3873 580 3925 et
600 3866 666 3925 solo
688 3876 866 3946 aequatum,
888 3866 993 3926 scribit
1013 3865 1094 3935 idem
1116 3864 1236 3926 Priscus
1257 3864 1289 3921 in
1307 3862 1378 3920 Got-

272 3946 380 4023 tlricis,
402 3956 432 4008 et
453 3969 493 4010 ex
514 3968 550 4010 eo
571 3949 770 4032 Theophanes
790 3953 860 4013 loco
879 3951 1013 4015 laudato.
1043 3944 1047 3955 ’
1164 3997 1167 4001 ,

361 4035 432 4111 Pug-
452 4035 526 4101 539.
559 4040 623 4100 11.
661 4041 710 4100 Eo
738 4041 782 4119 τῷ
811 4031 933 4123 Koipnp
970 4030 1189 4117 Τριβοονοὶλιον
1226 4028 1375 4111 ποιήσας]

275 4116 423 4197 Georgius
447 4120 640 4182 Hamartolus
666 4122 698 4182 in
719 4123 833 4184 chron.
856 4124 915 4182 MS.
938 4118 1085 4198 Εξελθοὶν
1105 4118 1139 4184 di
1162 4120 1195 4184 ἐν
1215 4121 1377 4202 Τριβοονα-

272 4203 330 4290 up
345 4198 484 4292 dessp,
500 4206 555 4269 sol
568 4203 640 4282 uode
652 4207 686 4271 ἐν
698 4206 779 4294 μέσῳ
792 4205 841 4288 ἐφ’
853 4203 972 4289 ὕψους,
995 4201 1208 4290 συμπαρόντος
1220 4209 1277 4268 τοῦ
1291 4222 1377 4284 στρο-

272 4287 421 4370 sontum,
443 4301 501 4353 stc.
528 4293 581 4353 uhi
602 4295 789 4359 observanda
817 4293 893 4359 haec
921 4295 1068 4374 loquendi
1090 4292 1232 4355 formula.
1277 4290 1377 4369 Coge-
1453 4344 1458 4353 .

272 4373 386 4441 bantur
405 4399 501 4461 porro
521 4380 633 4445 milites
651 4381 684 4443 in
709 4382 840 4464 Campo,
863 4401 899 4442 ac
911 4389 1029 4447 structo
1042 4377 1212 4454 Tribunsli,
1232 4375 1306 4436 inde
1326 4392 1375 4437 sos
