3026 4900
283 304 361 378 384
705 303 948 375 NOTAE

283 492 348 551 ger.
391 470 469 533 Vide
490 479 642 553 mester-es
665 470 822 531 Libauinm
843 470 875 535 in
896 470 979 534 Oret.
1006 469 1139 533 Funebri
1167 471 1201 533 in
1227 470 1375 546 lulianum,

286 558 517 637 Philostorgiuns
538 558 591 620 lib.
614 577 657 617 vr.
680 577 745 636 cop.
761 577 792 617 ν.
813 560 968 617 Socratem
992 557 1043 617 lib.
1067 577 1103 618 11.
1125 578 1192 638 csp.
1212 558 1266 617 ult.
1295 563 1379 618 Sozo-

287 665 366 707 men.
387 644 440 709 lib.
461 663 482 703 1.
506 663 572 723 cop.
594 662 622 702 v.
650 641 825 705 Theodorit.
847 643 956 705 lib.11.
984 663 1051 725 esp.
1073 644 1129 705 ult.
1156 644 1235 705 ldet.
1256 644 1288 704 in
1307 645 1380 702 Fert

286 729 459 810 Theophao.
481 750 528 789 sn.
549 749 636 789 xxiv.
658 738 715 789 etc.

374 821 443 894 rog.
464 813 536 881 545.
561 818 610 880 12
653 813 743 895 Μηνὶ
765 812 849 899 Δίῳ]
883 814 928 874 lto
954 815 1109 890 Socrates,
1137 815 1270 891 idatius,
1291 813 1382 874 Theo-

283 900 418 982 phanes,
441 900 612 972 cedrenus,
634 910 690 960 etc.
735 901 907 960 Ammianus
928 919 1002 960 vero
1027 922 1074 961 111.
1097 900 1244 962 Octobr:

373 985 446 1065 Pag.
468 986 540 1054 545.
564 989 612 1051 13.
656 980 793 1067 Εἰρήνης
813 990 873 1048 τῶν
887 985 1087 1066 Enni-nornis]
1116 988 1158 1045 De
1180 1006 1241 1065 quo
1262 986 1383 1047 Lecton·

287 1070 347 1131 tius
368 1074 399 1132 in
422 1073 473 1133 lib.
497 1072 534 1131 de
561 1071 680 1132 Mortib.
703 1074 884 1132 Persecutor.
907 1093 935 1131 n.
949 1092 971 1131 1.
994 1072 1135 1132 Restituto
1150 1093 1198 1152 per
1213 1074 1383 1131 ordemtrco-

287 1158 441 1236 quiditate,
462 1159 616 1237 profligato
639 1177 722 1237 nuper
743 1157 868 1218 Ecclesia
885 1161 1022 1234 resurgit,
1051 1164 1077 1217 et
1098 1159 1197 1234 majore
1211 1158 1303 1234 glorio
1321 1165 1382 1216 ten-

189 1302 198 1315 ,
278 1244 360 1323 ,plum
376 1244 447 1318 Dei,
471 1244 541 1323 qnod
556 1244 590 1302 ob
603 1246 693 1322 inpie's
708 1244 804 1323 firmet
823 1263 956 1319 mosum,
973 1246 1158 1319 ¹snisen'cords'c
1171 1244 1283 1303 Domini
1294 1243 1384 1322 fotri-

285 1335 374 1388 ootur.
417 1329 514 1389 Infra:
538 1330 608 1389 ,Ιοοι
632 1333 713 1406 quusi
737 1331 855 1389 dimerso
874 1333 1009 1391 transacti
1028 1334 1150 1408 temporis
1168 1330 1275 1404 nubilo,
1307 1327 1386 1389 PAX

281 1415 408 1490 jocondo
436 1422 461 1474 et
485 1434 577 1473 sermo
604 1414 742 1495 laetificat.
777 1415 874 1474 ‘Cum'
889 1415 982 1492 igitur
1002 1414 1074 1494 quin
1098 1414 1281 1493 usgesimum
1303 1413 1384 1473 Poris

282 1498 488 1560 Ecclesiarum
509 1497 591 1557 hunc
613 1519 723 1559 anuum
749 1499 841 1561 fuisse
870 1499 912 1561 sit
942 1437 1236 1571 senserimus,
1267 1499 1320 1579 qni
1342 1508 1385 1558 est

284 1582 543 1644 Antiochenorum
566 1604 634 1645 eux.
665 1583 780 1645 Christi
807 1585 941 1663 vulgaris
973 1606 1091 1646 cccuxr.
1121 1587 1197 1646 setis
1226 1587 1330 1649 innuit
1349 1585 1384 1644 eb

284 1669 455 1730 indictione
484 1671 762 1746 Constantinisuea,
800 1692 879 1733 enno
908 1670 1096 1732 Antiocheno
1119 1692 1238 1733 cccuxr.
1276 1670 1384 1731 Christi

282 1775 405 1816 cccxrm
436 1766 501 1816 tum
528 1755 661 1835 primum
690 1756 1064 1837 pecem.Christianorum
1095 1757 1238 1818 Ecclesiis
1274 1758 1384 1829 datam,

281 1841 437 1921 quomodo
459 1842 497 1901 ed
518 1842 550 1901 id
573 1844 717 1922 temporis
738 1842 828 1903 finem
855 1843 1075 1903 Persecutionis
1103 1844 1209 1904 statuit
1238 1843 1385 1923 Sulpitius

278 1929 431 2004 Severus,
464 1928 516 2007 qui
545 1928 697 1988 scribebst
727 1949 805 1989 suno
835 1949 915 1989 cccc.
958 1928 1092 2004 lociroo,
1125 1929 1225 2009 inquit
1253 1930 1385 2007 Scaliger

211 2031 214 2037 ·
280 2011 336 2077 lib.
358 2034 404 2075 nu
427 2013 580 2075 Curionum
600 2014 744 2092 lsegogic.
767 2023 883 2074 veteres
906 2013 999 2075 Godd.
1021 2016 1151 2074 Cononis
1169 2015 1332 2075 Eusebieni
1348 2014 1384 2073 ed

282 2097 369 2158 illum
392 2117 503 2158 sunum
526 2099 715 2159 Constantini
744 2099 796 2179 qui
824 2099 882 2159 fuit
904 2101 1019 2179 primus
1041 2100 1216 2160 Indictionis
1239 2102 1384 2161 Constru-

282 2180 451 2256 timonem,
477 2184 552 2244 hoec
574 2193 746 2265 apponunt:
775 2184 857 2247 PAX
877 2186 1040 2247 NOSTRIS
1065 2187 1089 2249 A
1112 2185 1382 2247 CONSTANTINO

245 2284 255 2305 ⁸
282 2268 462 2328 REDDITA.
507 2268 592 2343 Ques
614 2271 735 2350 quidem
757 2271 887 2352 Prosper
909 2271 940 2330 iu
964 2269 1111 2332 Chronico
1133 2274 1248 2352 puriter
1269 2271 1384 2334 adscri-

282 2353 353 2433 psit.
396 2355 509 2428 Paulus
538 2356 664 2417 Orosius
686 2355 739 2417 lib.
763 2376 818 2416 v11.
847 2377 913 2437 cep.
936 2377 1048 2418 xxvrrr.
1082 2358 1272 2419 Constantinus
1292 2377 1383 2439 posen

176 2441 203 2497 V
213 2437 266 2501 492
282 2440 423 2502 Ecclsss'ue
436 2448 498 2521 post
509 2441 594 2502 decem
606 2443 707 2518 annos,
731 2463 811 2520 qnam
822 2464 840 2502 o
850 2445 1058 2524 persecutoribus
1075 2447 1242 2520 νιααὺαιατ,
1263 2446 1383 2505 mdutd.

176 2560 201 2582 κ
282 2524 358 2588 Vide
381 2528 505 2606 Gregor.
528 2528 639 2591 Turon.
661 2527 714 2589 lib.
735 2548 757 2589 1.
777 2528 856 2590 Hist,
878 2549 944 2608 cop.
965 2549 1076 2590 ωιτν.
1192 2580 1195 2587 .

255 2627 258 2638 ’
369 2617 439 2689 Pug.
462 2612 534 2677 545.
559 2617 607 2678 18.
650 2614 878 2699 Μαμερτίνον]
913 2613 1004 2675 letius
1034 2614 1215 2677 Consulatus
1246 2614 1383 2677 meminit

280 2695 455 2758 Arnmienm
476 2697 528 2759 lib.
550 2719 617 2764 ινιτ.

369 2788 439 2861 Png.
461 2783 531 2849 545.
556 2788 605 2849 192
649 2780 774 2867 Εἰρήνη
795 2788 857 2848 τῶν
872 2786 1073 2865 Enntnoroiu]
1096 2786 1140 2845 De
1161 2806 1222 2865 que
1243 2785 1383 2866 superius

220 2868 228 2878 '
279 2868 410 2945 egimuss
433 2878 494 2928 tum
517 2869 613 2945 enirn,
634 2881 669 2931 ut
692 2883 739 2931 est
763 2871 843 2950 opud
865 2870 1081 2951 Hieronymum
1104 2862 1332 2952 et‘Prosperum
1352 2869 1381 2928 iu

281 2950 393 3013 Chron.
414 2954 524 3015 Antiano
543 2955 580 3015 ud
591 2955 729 3017 Idolornm
744 2957 845 3015 cultum
864 2975 1002 3032 consenc,
1026 2957 1129 3017 blondo
1145 2950 1297 3037 persecutio
1310 2957 1381 3036 fuit,

278 3037 395 3097 ntntm
408 3042 497 3115 nugis
509 3058 590 3117 ονοιο
603 3041 739 3119 depellens
748 3042 788 3101 od
802 3044 1025 3121 sacrificandum,
1035 3046 1066 3103 s‘n
1080 3063 1134 3121 pso
1145 3043 1227 3117 inulti
1238 3063 1272 3103 ex
1286 3045 1382 3102 nohis

278 3123 417 3183 uoluntate
432 3127 543 3203 propriu
566 3133 730 3187 emerserunt.
772 3127 952 3208 Eutropium
977 3128 1132 3206 Rds'gs'onis
1153 3128 1325 3189 Christianos
1342 3132 1382 3187 in

148 3278 150 3282 ,
277 3213 410 3283 sedator,
429 3210 539 3288 perinde
557 3217 645 3271 tanen
662 3218 696 3273 nt
717 3234 736 3272 o
760 3233 851 3273 οταοιο
868 3217 1018 3275 abstineret.
1062 3213 1146 3287 Quae
1166 3214 1211 3274 sic
1232 3215 1381 3295 expressit

225 3362 232 3377 Ι
274 3293 406 3361 Josnnes
431 3294 650 3361 Antiochenus:
665 3296 852 3379 Εβέβλαττο
870 3296 904 3362 δὲ
916 3293 1022 3380 ’μόνον
1041 3298 1113 3380 sosoi
1132 3296 1189 3380 τήν
1205 3304 1264 3363 τοῦ
1275 3304 1380 3380 Σωτῆ-

276 3404 333 3463 ρος
348 3385 485 3463 Χριστοῦ
505 3376 596 3458 δόξαν
618 3382 760 3458 ἐναντίοις
776 3383 867 3465 ἔχων,
889 3385 941 3448 καὶ
959 3379 1152 3465 ἐνιστάμενος
1172 3391 1238 3460 τοῖς
1253 3383 1291 3448 soi
1308 3390 1379 3468 Χμι-

275 3472 409 3530 στιανοόν
422 3471 558 3547 μετιοῦσι
572 3462 718 3555 δόγματα,
742 3463 780 3535 osi
795 3466 858 3552 μήν
874 3466 949 3535 ὥστε
967 3463 1050 3551 α’μόν
1066 3465 1088 3551 οἳ
1103 3465 1230 3551 φονινόν
1252 3496 1281 3535 τι
1293 3464 1379 3555 ἔργά·

276 3548 548 3618 ontdcsrro'nore..
1249 3629 1258 3635 ρ

365 3642 434 3715 Pug-
454 3639 525 3704 546.
555 3645 585 3704 2.
630 3635 854 3723 Asuroiypurc.]
889 3642 1070 3721 Philostorg.
1107 3641 1160 3701 lib.
1175 3662 1240 3705 vn.
1272 3639 1337 3719 cspj
1355 3659 1376 3699 1.

279 3724 351 3795 Τοῖς
363 3726 478 3802 Ελλησι
496 3720 547 3789 ded
560 3723 804 3809 πμογμαμμοὶταν
820 3733 922 3791 πᾶσαν
939 3725 1046 3792 ἄδειαν
1063 3724 1239 3809 εἰσενεγκοὶν
1248 3769 1257 3800 ,
1280 3732 1336 3785 etc.

364 3810 434 3884 Pag·
457 3806 528 3874 546.
551 3814 581 3876 6.
627 3817 657 3873 Γ
654 3807 778 3895 τιν’ργιον
789 3813 990 3893 Autonomos]
1013 3813 1076 3887 Qui
1093 3811 1219 3893 expulso
1238 3812 1268 3869 S.
1280 3808 1376 3871 Atha·

275 3887 381 3962 nesio,
412 3911 448 3950 oc
477 3891 585 3956 deiude
608 3897 755 3976 Gregorio
781 3902 815 3958 iu
841 3899 1059 3980 Episcopatum
1087 3896 1291 3957 Alexandriae
1311 3916 1376 3955 suc·

277 3983 426 4047 cesserat,
446 3986 482 4037 ut
504 3988 549 4038 est
572 3982 655 4061 opud
677 3985 827 4054 Socratem
851 3986 903 4044 lib.
924 4005 958 4048 11.
981 4002 1268 4064 cep.x1v.xxr1u.
1291 4001 1376 4042 xxm.

275 4066 308 4137 et
329 4059 418 4119 elios:
454 4061 492 4121 de
512 4063 598 4144 cujus
621 4068 711 4129 ccede
741 4069 803 4147 agit
833 4071 913 4131 idem
940 4070 1078 4149 scriptor
1103 4070 1157 4130 tib.
1178 4090 1227 4133 111.
1255 4088 1321 4149 cap.
1341 4087 1375 4126 11.

276 4152 362 4205 utet
385 4148 566 4211 Soromeuus
587 4151 640 4214 lib.
664 4173 693 4214 r.
715 4175 782 4234 cop.
806 4177 861 4217 νη.
889 4153 1067 4233 Philostcrg.
1088 4155 1140 4216 lib.
1167 4174 1221 4214 τοι.
1251 4174 1320 4235 cup.
1340 4173 1373 4212 m

273 4226 448 4311 Hieronym.
469 4232 500 4291 in
523 4234 633 4299 Chron.
654 4237 851 4319 Theophanes
878 4262 957 4304 enno
978 4261 1000 4306 1.
1024 4249 1080 4303 eto.
1124 4238 1202 4303 Vide
1221 4249 1375 4321 praetores

272 4313 424 4400 Epiphnn.
445 4317 534 4387 Heer.
555 4341 663 4391 mvn.
683 4345 713 4389 u·
738 4346 760 4390 1.
