<?xml version="1.0" encoding="UTF-8"?>
<!DOCTYPE html PUBLIC "-//W3C//DTD XHTML 1.0 Transitional//EN"
    "http://www.w3.org/TR/xhtml1/DTD/xhtml1-transitional.dtd">
<html xmlns="http://www.w3.org/1999/xhtml" xml:lang="en" lang="en">
 <head>
  <title>
</title>
<meta http-equiv="Content-Type" content="text/html;charset=utf-8" />
  <meta name='ocr-system' content='tesseract 3.04.00' />
  <meta name='ocr-capabilities' content='ocr_page ocr_carea ocr_par ocr_line ocrx_word'/>
</head>
<body>
  <div class='ocr_page' id='page_1' title='image "./chroniconpascha00unkngoog_0329.png"; bbox 0 0 3016 4898; ppageno 0'>
   <div class='ocr_carea' id='block_1_1' title="bbox 405 272 1237 395">
    <p class='ocr_par' dir='ltr' id='par_1_1' title="bbox 405 272 1237 395">
     <span class='ocr_line' id='line_1_1' title="bbox 405 272 1237 395; baseline 0.012 -10"><span class='ocrx_word' id='word_1_1' title='bbox 405 319 449 385; x_wconf 83' lang='lat' dir='ltr'><strong>n</strong></span> <span class='ocrx_word' id='word_1_2' title='bbox 475 272 963 387; x_wconf 73' lang='lat' dir='ltr'><strong>emoneonmscnam.</strong></span> <span class='ocrx_word' id='word_1_3' title='bbox 1161 318 1237 395; x_wconf 76' lang='lat' dir='ltr'><strong>ooo</strong></span> 
     </span>
    </p>
   </div>
   <div class='ocr_carea' id='block_1_2' title="bbox 29 482 1349 4426">
    <p class='ocr_par' dir='ltr' id='par_1_2' title="bbox 29 482 1349 4426">
     <span class='ocr_line' id='line_1_2' title="bbox 121 482 1236 565; baseline 0.002 -17"><span class='ocrx_word' id='word_1_4' title='bbox 121 487 294 548; x_wconf 84' lang='lat' dir='ltr'><strong>Dorotheo·</strong></span> <span class='ocrx_word' id='word_1_5' title='bbox 313 485 394 563; x_wconf 75' lang='lat' dir='ltr'><strong>alio,¹</strong></span> <span class='ocrx_word' id='word_1_6' title='bbox 405 504 494 564; x_wconf 77' lang='lat' dir='ltr'><strong>quem</strong></span> <span class='ocrx_word' id='word_1_7' title='bbox 515 486 629 546; x_wconf 71' lang='lat' dir='ltr'><strong>Auctor</strong></span> <span class='ocrx_word' id='word_1_8' title='bbox 650 482 807 565; x_wconf 76' lang='lat' dir='ltr'><strong>Chrcnlci,</strong></span> <span class='ocrx_word' id='word_1_9' title='bbox 824 485 908 565; x_wconf 87' lang='lat' dir='ltr'><strong>qnod</strong></span> <span class='ocrx_word' id='word_1_10' title='bbox 928 487 1176 549; x_wconf 49' lang='lat' dir='ltr'><strong>Alexandrinum*</strong></span> <span class='ocrx_word' id='word_1_11' title='bbox 1188 491 1236 552; x_wconf 86' lang='lat' dir='ltr'><strong>di-</strong></span> 
     </span>
     <span class='ocr_line' id='line_1_3' title="bbox 29 570 1236 661; baseline 0.003 -29"><span class='ocrx_word' id='word_1_12' title='bbox 29 588 31 599; x_wconf 87' lang='grc'><em>“</em></span> <span class='ocrx_word' id='word_1_13' title='bbox 122 575 238 650; x_wconf 79' lang='lat' dir='ltr'><strong>cintus,</strong></span> <span class='ocrx_word' id='word_1_14' title='bbox 271 581 311 655; x_wconf 80' lang='lat' dir='ltr'><strong>ut</strong></span> <span class='ocrx_word' id='word_1_15' title='bbox 336 583 368 632; x_wconf 87' lang='lat' dir='ltr'><strong>et</strong></span> <span class='ocrx_word' id='word_1_16' title='bbox 395 570 593 652; x_wconf 75' lang='lat' dir='ltr'><strong>Theophanes</strong></span> <span class='ocrx_word' id='word_1_17' title='bbox 615 581 645 631; x_wconf 90' lang='lat' dir='ltr'><strong>et</strong></span> <span class='ocrx_word' id='word_1_18' title='bbox 668 573 814 651; x_wconf 86' lang='lat' dir='ltr'><strong>Georgius</strong></span> <span class='ocrx_word' id='word_1_19' title='bbox 836 572 1037 661; x_wconf 80' lang='lat' dir='ltr'><strong>Alexandriae</strong></span> <span class='ocrx_word' id='word_1_20' title='bbox 1058 576 1236 657; x_wconf 80' lang='lat' dir='ltr'><strong>martyrium</strong></span> 
     </span>
     <span class='ocr_line' id='line_1_4' title="bbox 120 648 1236 722; baseline 0.004 -4"><span class='ocrx_word' id='word_1_21' title='bbox 120 661 180 718; x_wconf 89' lang='lat' dir='ltr'><strong>sub</strong></span> <span class='ocrx_word' id='word_1_22' title='bbox 212 658 365 717; x_wconf 81' lang='lat' dir='ltr'><strong>Gratiano</strong></span> <span class='ocrx_word' id='word_1_23' title='bbox 394 658 522 717; x_wconf 86' lang='lat' dir='ltr'><strong>subiisse</strong></span> <span class='ocrx_word' id='word_1_24' title='bbox 549 657 687 717; x_wconf 85' lang='lat' dir='ltr'><strong>scribunt</strong></span> <span class='ocrx_word' id='word_1_25' title='bbox 706 678 763 719; x_wconf 70' lang='lat' dir='ltr'><strong>vrrs</strong></span> <span class='ocrx_word' id='word_1_26' title='bbox 784 657 828 719; x_wconf 75' lang='lat' dir='ltr'><strong>Id.</strong></span> <span class='ocrx_word' id='word_1_27' title='bbox 852 659 976 716; x_wconf 83' lang='lat' dir='ltr'><strong>Octobr.</strong></span> <span class='ocrx_word' id='word_1_28' title='bbox 998 661 1130 720; x_wconf 83' lang='lat' dir='ltr'><strong>serarum</strong></span> <span class='ocrx_word' id='word_1_29' title='bbox 1151 648 1236 722; x_wconf 80' lang='lat' dir='ltr'><strong>sebae</strong></span> 
     </span>
     <span class='ocr_line' id='line_1_5' title="bbox 121 739 1237 821; baseline 0.002 -17"><span class='ocrx_word' id='word_1_30' title='bbox 121 745 280 805; x_wconf 67' lang='lat' dir='ltr'><strong>nuditum</strong></span> <span class='ocrx_word' id='word_1_31' title='bbox 301 743 357 802; x_wconf 83' lang='lat' dir='ltr'><strong>sub</strong></span> <span class='ocrx_word' id='word_1_32' title='bbox 380 744 506 803; x_wconf 84' lang='lat' dir='ltr'><strong>Tetiano</strong></span> <span class='ocrx_word' id='word_1_33' title='bbox 529 743 703 821; x_wconf 76' lang='lat' dir='ltr'><strong>Augustali,</strong></span> <span class='ocrx_word' id='word_1_34' title='bbox 726 743 776 802; x_wconf 89' lang='lat' dir='ltr'><strong>cui</strong></span> <span class='ocrx_word' id='word_1_35' title='bbox 798 744 1110 805; x_wconf 84' lang='lat' dir='ltr'><strong>sevebsnthaeretici.</strong></span> <span class='ocrx_word' id='word_1_36' title='bbox 1154 739 1237 806; x_wconf 74' lang='lat' dir='ltr'><strong>hat&#39;i‘-</strong></span> 
     </span>
     <span class='ocr_line' id='line_1_6' title="bbox 120 823 1236 909; baseline 0.001 -19"><span class='ocrx_word' id='word_1_37' title='bbox 120 848 160 890; x_wconf 82' lang='lat' dir='ltr'><strong>na</strong></span> <span class='ocrx_word' id='word_1_38' title='bbox 183 823 292 889; x_wconf 85' lang='lat' dir='ltr'><strong>autem</strong></span> <span class='ocrx_word' id='word_1_39' title='bbox 314 829 416 907; x_wconf 79' lang='lat' dir='ltr'><strong>lingua</strong></span> <span class='ocrx_word' id='word_1_40' title='bbox 439 846 509 888; x_wconf 85' lang='lat' dir='ltr'><strong>cum</strong></span> <span class='ocrx_word' id='word_1_41' title='bbox 530 830 640 888; x_wconf 87' lang='lat' dir='ltr'><strong>Romae</strong></span> <span class='ocrx_word' id='word_1_42' title='bbox 669 824 845 890; x_wconf 81' lang='lat' dir='ltr'><strong>versaretur</strong></span> <span class='ocrx_word' id='word_1_43' title='bbox 864 830 1018 908; x_wconf 83' lang='lat' dir='ltr'><strong>scripsisse</strong></span> <span class='ocrx_word' id='word_1_44' title='bbox 1041 828 1236 909; x_wconf 68' lang='lat' dir='ltr'><strong>Dorotheum,</strong></span> 
     </span>
     <span class='ocr_line' id='line_1_7' title="bbox 122 915 1237 997; baseline 0.003 -23"><span class='ocrx_word' id='word_1_45' title='bbox 122 916 254 997; x_wconf 82' lang='lat' dir='ltr'><strong>ejusque</strong></span> <span class='ocrx_word' id='word_1_46' title='bbox 291 916 406 995; x_wconf 87' lang='lat' dir='ltr'><strong>scripta</strong></span> <span class='ocrx_word' id='word_1_47' title='bbox 434 915 466 974; x_wconf 78' lang='lat' dir='ltr'><strong>is</strong></span> <span class='ocrx_word' id='word_1_48' title='bbox 489 916 633 975; x_wconf 75' lang='lat' dir='ltr'><strong>Graecam</strong></span> <span class='ocrx_word' id='word_1_49' title='bbox 660 915 1118 996; x_wconf 67' lang='lat' dir='ltr'><strong>deindetrsducta‘colligimus</strong></span> <span class='ocrx_word' id='word_1_50' title='bbox 1141 938 1178 977; x_wconf 82' lang='lat' dir='ltr'><strong>ex</strong></span> <span class='ocrx_word' id='word_1_51' title='bbox 1197 919 1237 977; x_wconf 86' lang='lat' dir='ltr'><strong>iis</strong></span> 
     </span>
     <span class='ocr_line' id='line_1_8' title="bbox 121 994 1341 1082; baseline 0.002 -22"><span class='ocrx_word' id='word_1_52' title='bbox 121 1018 202 1081; x_wconf 84' lang='lat' dir='ltr'><strong>quae</strong></span> <span class='ocrx_word' id='word_1_53' title='bbox 224 1009 303 1080; x_wconf 89' lang='lat' dir='ltr'><strong>post</strong></span> <span class='ocrx_word' id='word_1_54' title='bbox 324 1002 405 1060; x_wconf 84' lang='lat' dir='ltr'><strong>illius</strong></span> <span class='ocrx_word' id='word_1_55' title='bbox 427 1001 600 1061; x_wconf 80' lang='lat' dir='ltr'><strong>Tractatum</strong></span> <span class='ocrx_word' id='word_1_56' title='bbox 622 1001 660 1060; x_wconf 88' lang='lat' dir='ltr'><strong>da</strong></span> <span class='ocrx_word' id='word_1_57' title='bbox 683 1001 837 1080; x_wconf 80' lang='lat' dir='ltr'><strong>Apostolis</strong></span> <span class='ocrx_word' id='word_1_58' title='bbox 857 1001 1020 1078; x_wconf 77' lang='lat' dir='ltr'><strong>habentur,</strong></span> <span class='ocrx_word' id='word_1_59' title='bbox 1042 994 1192 1082; x_wconf 73' lang='lat' dir='ltr'><strong>siq&#39;mdetn</strong></span> <span class='ocrx_word' id='word_1_60' title='bbox 1209 1004 1236 1062; x_wconf 86' lang='lat' dir='ltr'><strong>is</strong></span> <span class='ocrx_word' id='word_1_61' title='bbox 1335 1010 1341 1027; x_wconf 92' lang='lat'><em>&#39;</em></span> 
     </span>
     <span class='ocr_line' id='line_1_9' title="bbox 120 1080 1236 1168; baseline -0.001 -20"><span class='ocrx_word' id='word_1_62' title='bbox 120 1107 230 1148; x_wconf 85' lang='lat' dir='ltr'><strong>revera</strong></span> <span class='ocrx_word' id='word_1_63' title='bbox 253 1087 427 1166; x_wconf 76' lang='lat' dir='ltr'><strong>scripserit:</strong></span> <span class='ocrx_word' id='word_1_64' title='bbox 448 1106 518 1145; x_wconf 82' lang='lat' dir='ltr'><strong>nani</strong></span> <span class='ocrx_word' id='word_1_65' title='bbox 542 1084 616 1146; x_wconf 78' lang='lat' dir='ltr'><strong>haec</strong></span> <span class='ocrx_word' id='word_1_66' title='bbox 638 1086 675 1145; x_wconf 89' lang='lat' dir='ltr'><strong>ab</strong></span> <span class='ocrx_word' id='word_1_67' title='bbox 698 1080 814 1147; x_wconf 85' lang='lat' dir='ltr'><strong>Graeco</strong></span> <span class='ocrx_word' id='word_1_68' title='bbox 835 1088 999 1167; x_wconf 74' lang='lat' dir='ltr'>interprete</span> <span class='ocrx_word' id='word_1_69' title='bbox 1020 1106 1144 1168; x_wconf 85' lang='lat' dir='ltr'><strong>prorsus</strong></span> <span class='ocrx_word' id='word_1_70' title='bbox 1165 1106 1236 1147; x_wconf 84' lang='lat' dir='ltr'><strong>con-</strong></span> 
     </span>
     <span class='ocr_line' id='line_1_10' title="bbox 120 1166 1236 1254; baseline 0.002 -23"><span class='ocrx_word' id='word_1_71' title='bbox 120 1172 191 1232; x_wconf 82' lang='lat' dir='ltr'><strong>ficte</strong></span> <span class='ocrx_word' id='word_1_72' title='bbox 203 1176 348 1242; x_wconf 84' lang='lat' dir='ltr'><strong>¹con&#39;stut.</strong></span> <span class='ocrx_word' id='word_1_73' title='bbox 396 1174 492 1250; x_wconf 72' lang='lat' dir='ltr'><strong>Atque</strong></span> <span class='ocrx_word' id='word_1_74' title='bbox 510 1172 594 1231; x_wconf 86' lang='lat' dir='ltr'><strong>illius</strong></span> <span class='ocrx_word' id='word_1_75' title='bbox 618 1172 737 1251; x_wconf 81' lang='lat' dir='ltr'><strong>quidem</strong></span> <span class='ocrx_word' id='word_1_76' title='bbox 759 1172 856 1235; x_wconf 81' lang='lat' dir='ltr'><strong>futilis</strong></span> <span class='ocrx_word' id='word_1_77' title='bbox 877 1173 949 1232; x_wconf 82' lang='lat' dir='ltr'><strong>setis</strong></span> <span class='ocrx_word' id='word_1_78' title='bbox 964 1174 1035 1233; x_wconf 82' lang='lat' dir='ltr'><strong>licet&#39;</strong></span> <span class='ocrx_word' id='word_1_79' title='bbox 1051 1166 1236 1254; x_wconf 81' lang='lat' dir='ltr'><strong>operispers</strong></span> 
     </span>
     <span class='ocr_line' id='line_1_11' title="bbox 119 1252 1235 1351; baseline 0.001 -34"><span class='ocrx_word' id='word_1_80' title='bbox 119 1259 191 1332; x_wconf 86' lang='lat' dir='ltr'><strong>ills,</strong></span> <span class='ocrx_word' id='word_1_81' title='bbox 222 1257 256 1316; x_wconf 92' lang='lat' dir='ltr'><strong>in</strong></span> <span class='ocrx_word' id='word_1_82' title='bbox 289 1276 365 1337; x_wconf 89' lang='lat' dir='ltr'><strong>qua,</strong></span> <span class='ocrx_word' id='word_1_83' title='bbox 391 1252 471 1336; x_wconf 78' lang='lat' dir='ltr'><strong>qdas</strong></span> <span class='ocrx_word' id='word_1_84' title='bbox 498 1257 720 1338; x_wconf 61' lang='lat' dir='ltr'><strong>Prophetarumv</strong></span> <span class='ocrx_word' id='word_1_85' title='bbox 741 1260 855 1319; x_wconf 85' lang='lat' dir='ltr'><strong>nstales</strong></span> <span class='ocrx_word' id='word_1_86' title='bbox 881 1268 911 1318; x_wconf 86' lang='lat' dir='ltr'><strong>et</strong></span> <span class='ocrx_word' id='word_1_87' title='bbox 941 1254 1235 1351; x_wconf 58' lang='lat' dir='ltr'><strong>vitamz&#39;prsesertim</strong></span> 
     </span>
     <span class='ocr_line' id='line_1_12' title="bbox 121 1338 1237 1437; baseline 0.003 -36"><span class='ocrx_word' id='word_1_88' title='bbox 121 1340 266 1423; x_wconf 77' lang='lat' dir='ltr'><strong>spectant</strong></span> <span class='ocrx_word' id='word_1_89' title='bbox 273 1387 285 1417; x_wconf 88' lang='lat'><strong>,</strong></span> <span class='ocrx_word' id='word_1_90' title='bbox 319 1344 512 1419; x_wconf 62' lang='lat' dir='ltr'><strong>resonatur,</strong></span> <span class='ocrx_word' id='word_1_91' title='bbox 546 1344 602 1403; x_wconf 87' lang='lat' dir='ltr'><strong>sub</strong></span> <span class='ocrx_word' id='word_1_92' title='bbox 632 1340 761 1404; x_wconf 84' lang='lat' dir='ltr'><strong>nornine·</strong></span> <span class='ocrx_word' id='word_1_93' title='bbox 779 1338 946 1425; x_wconf 76' lang='lat' dir='ltr'><strong>Epiphssiii</strong></span> <span class='ocrx_word' id='word_1_94' title='bbox 973 1346 1117 1426; x_wconf 74' lang='lat' dir='ltr'><strong>Episcopi</strong></span> <span class='ocrx_word' id='word_1_95' title='bbox 1144 1346 1237 1437; x_wconf 83' lang='lat' dir='ltr'><strong>Cypri</strong></span> 
     </span>
     <span class='ocr_line' id='line_1_13' title="bbox 121 1426 1237 1512; baseline 0.002 -25"><span class='ocrx_word' id='word_1_96' title='bbox 121 1429 251 1509; x_wconf 88' lang='lat' dir='ltr'><strong>prodiit,</strong></span> <span class='ocrx_word' id='word_1_97' title='bbox 276 1429 384 1488; x_wconf 88' lang='lat' dir='ltr'><strong>iisdem</strong></span> <span class='ocrx_word' id='word_1_98' title='bbox 406 1428 506 1489; x_wconf 90' lang='lat' dir='ltr'><strong>verbis</strong></span> <span class='ocrx_word' id='word_1_99' title='bbox 529 1429 674 1490; x_wconf 81' lang='lat' dir='ltr'><strong>Dorothei</strong></span> <span class='ocrx_word' id='word_1_100' title='bbox 695 1432 857 1511; x_wconf 84' lang='lat' dir='ltr'><strong>descripta,</strong></span> <span class='ocrx_word' id='word_1_101' title='bbox 879 1430 930 1491; x_wconf 93' lang='lat' dir='ltr'><strong>vel</strong></span> <span class='ocrx_word' id='word_1_102' title='bbox 951 1442 1033 1491; x_wconf 89' lang='lat' dir='ltr'><strong>certe</strong></span> <span class='ocrx_word' id='word_1_103' title='bbox 1054 1426 1237 1512; x_wconf 63' lang='lat' dir='ltr'><strong>pauclsada</strong></span> 
     </span>
     <span class='ocr_line' id='line_1_14' title="bbox 42 1506 1237 1597; baseline 0.003 -24"><span class='ocrx_word' id='word_1_104' title='bbox 42 1536 46 1539; x_wconf 78' lang='grc'><strong>’</strong></span> <span class='ocrx_word' id='word_1_105' title='bbox 121 1517 249 1576; x_wconf 81' lang='lat' dir='ltr'><strong>modum</strong></span> <span class='ocrx_word' id='word_1_106' title='bbox 273 1514 480 1593; x_wconf 68' lang='lat' dir='ltr'><strong>interpolatio:</strong></span> <span class='ocrx_word' id='word_1_107' title='bbox 512 1506 587 1581; x_wconf 77' lang='lat' dir='ltr'><strong>adeo</strong></span> <span class='ocrx_word' id='word_1_108' title='bbox 608 1525 645 1576; x_wconf 87' lang='lat' dir='ltr'><strong>ut</strong></span> <span class='ocrx_word' id='word_1_109' title='bbox 666 1516 768 1577; x_wconf 78' lang='lat' dir='ltr'><strong>mirari</strong></span> <span class='ocrx_word' id='word_1_110' title='bbox 789 1517 894 1576; x_wconf 87' lang='lat' dir='ltr'><strong>subeat</strong></span> <span class='ocrx_word' id='word_1_111' title='bbox 910 1514 1161 1597; x_wconf 79' lang='lat' dir='ltr'><strong>cdrllpiphsnio</strong></span> <span class='ocrx_word' id='word_1_112' title='bbox 1184 1515 1237 1576; x_wconf 90' lang='lat' dir='ltr'><strong>ad·</strong></span> 
     </span>
     <span class='ocr_line' id='line_1_15' title="bbox 121 1592 1349 1682; baseline 0.003 -24"><span class='ocrx_word' id='word_1_113' title='bbox 121 1598 305 1676; x_wconf 66' lang='lat' dir='ltr'><strong>scribetur,</strong></span> <span class='ocrx_word' id='word_1_114' title='bbox 319 1600 402 1679; x_wconf 86' lang='lat' dir='ltr'><strong>quod</strong></span> <span class='ocrx_word' id='word_1_115' title='bbox 422 1592 685 1682; x_wconf 68' lang='lat' dir='ltr'><strong>ulteriS&#39;criptorl‘</strong></span> <span class='ocrx_word' id='word_1_116' title='bbox 706 1600 833 1663; x_wconf 78' lang='lat' dir='ltr'><strong>subinde</strong></span> <span class='ocrx_word' id='word_1_117' title='bbox 853 1602 893 1662; x_wconf 88' lang='lat' dir='ltr'><strong>eb</strong></span> <span class='ocrx_word' id='word_1_118' title='bbox 914 1602 982 1662; x_wconf 83' lang='lat' dir='ltr'><strong>aliis</strong></span> <span class='ocrx_word' id='word_1_119' title='bbox 1000 1604 1168 1665; x_wconf 57' lang='lat' dir='ltr'><strong>tribuitur?</strong></span> <span class='ocrx_word' id='word_1_120' title='bbox 1187 1600 1238 1662; x_wconf 75' lang='lat' dir='ltr'><strong>Sic</strong></span> <span class='ocrx_word' id='word_1_121' title='bbox 1254 1615 1277 1669; x_wconf 82' lang='lat' dir='ltr'><strong>P</strong></span> <span class='ocrx_word' id='word_1_122' title='bbox 1295 1614 1349 1672; x_wconf 80' lang='lat'><strong>505</strong></span> 
     </span>
     <span class='ocr_line' id='line_1_16' title="bbox 123 1682 1236 1766; baseline 0.003 -20"><span class='ocrx_word' id='word_1_123' title='bbox 123 1695 244 1746; x_wconf 84' lang='lat' dir='ltr'><strong>veteres</strong></span> <span class='ocrx_word' id='word_1_124' title='bbox 269 1685 375 1766; x_wconf 85' lang='lat' dir='ltr'><strong>spuria</strong></span> <span class='ocrx_word' id='word_1_125' title='bbox 397 1706 450 1746; x_wconf 90' lang='lat' dir='ltr'><strong>sua</strong></span> <span class='ocrx_word' id='word_1_126' title='bbox 473 1707 535 1745; x_wconf 89' lang='lat' dir='ltr'><strong>nou</strong></span> <span class='ocrx_word' id='word_1_127' title='bbox 559 1688 650 1747; x_wconf 89' lang='lat' dir='ltr'><strong>modo</strong></span> <span class='ocrx_word' id='word_1_128' title='bbox 670 1688 881 1761; x_wconf 66' lang='lat' dir='ltr'><strong>venditabant,</strong></span> <span class='ocrx_word' id='word_1_129' title='bbox 910 1689 963 1749; x_wconf 79' lang='lat' dir='ltr'><strong>snt</strong></span> <span class='ocrx_word' id='word_1_130' title='bbox 993 1704 1053 1766; x_wconf 84' lang='lat' dir='ltr'><strong>quo</strong></span> <span class='ocrx_word' id='word_1_131' title='bbox 1081 1682 1171 1748; x_wconf 80' lang='lat' dir='ltr'><strong>fidem</strong></span> <span class='ocrx_word' id='word_1_132' title='bbox 1197 1690 1236 1749; x_wconf 86' lang='lat' dir='ltr'><strong>lis</strong></span> 
     </span>
     <span class='ocr_line' id='line_1_17' title="bbox 123 1770 1238 1852; baseline 0.005 -23"><span class='ocrx_word' id='word_1_133' title='bbox 123 1772 259 1850; x_wconf 85' lang='lat' dir='ltr'><strong>aliquam</strong></span> <span class='ocrx_word' id='word_1_134' title='bbox 281 1772 571 1845; x_wconf 47' lang='lat' dir='ltr'><strong>*accommoduerm</strong></span> <span class='ocrx_word' id='word_1_135' title='bbox 598 1774 753 1852; x_wconf 75' lang='lat' dir='ltr'><strong>praeclare</strong></span> <span class='ocrx_word' id='word_1_136' title='bbox 776 1775 850 1852; x_wconf 89' lang='lat' dir='ltr'><strong>ipsis</strong></span> <span class='ocrx_word' id='word_1_137' title='bbox 876 1770 1019 1832; x_wconf 83' lang='lat' dir='ltr'><strong>indebant</strong></span> <span class='ocrx_word' id='word_1_138' title='bbox 1038 1772 1180 1851; x_wconf 79' lang='lat' dir='ltr'><strong>nontiria,</strong></span> <span class='ocrx_word' id='word_1_139' title='bbox 1202 1783 1238 1835; x_wconf 87' lang='lat' dir='ltr'><strong>ut</strong></span> 
     </span>
     <span class='ocr_line' id='line_1_18' title="bbox 122 1854 1293 1941; baseline 0.004 -27"><span class='ocrx_word' id='word_1_140' title='bbox 122 1854 208 1916; x_wconf 87' lang='lat' dir='ltr'><strong>hisce</strong></span> <span class='ocrx_word' id='word_1_141' title='bbox 241 1857 417 1941; x_wconf 70' lang='lat' dir='ltr'><strong>opusculis,</strong></span> <span class='ocrx_word' id='word_1_142' title='bbox 447 1857 591 1918; x_wconf 87' lang='lat' dir='ltr'><strong>Dorothei</strong></span> <span class='ocrx_word' id='word_1_143' title='bbox 620 1860 738 1941; x_wconf 83' lang='lat' dir='ltr'><strong>scilicet</strong></span> <span class='ocrx_word' id='word_1_144' title='bbox 763 1859 906 1937; x_wconf 82' lang='lat' dir='ltr'><strong>Martyria</strong></span> <span class='ocrx_word' id='word_1_145' title='bbox 936 1869 967 1917; x_wconf 88' lang='lat' dir='ltr'><strong>et</strong></span> <span class='ocrx_word' id='word_1_146' title='bbox 995 1859 1153 1938; x_wconf 76' lang='lat' dir='ltr'><strong>Episcopi,</strong></span> <span class='ocrx_word' id='word_1_147' title='bbox 1172 1876 1237 1919; x_wconf 62' lang='lat' dir='ltr'><strong>*seu</strong></span> <span class='ocrx_word' id='word_1_148' title='bbox 1291 1882 1293 1885; x_wconf 89' lang='lat'>·</span> 
     </span>
     <span class='ocr_line' id='line_1_19' title="bbox 123 1936 1237 2024; baseline 0.004 -25"><span class='ocrx_word' id='word_1_149' title='bbox 123 1942 300 2022; x_wconf 86' lang='lat' dir='ltr'><strong>Presbyteri</strong></span> <span class='ocrx_word' id='word_1_150' title='bbox 323 1943 413 2022; x_wconf 82' lang='lat' dir='ltr'><strong>Tyri,</strong></span> <span class='ocrx_word' id='word_1_151' title='bbox 435 1936 465 2002; x_wconf 87' lang='lat' dir='ltr'><strong>et</strong></span> <span class='ocrx_word' id='word_1_152' title='bbox 486 1942 647 2023; x_wconf 80' lang='lat' dir='ltr'><strong>Epiphanii</strong></span> <span class='ocrx_word' id='word_1_153' title='bbox 664 1940 763 2024; x_wconf 78' lang='lat' dir='ltr'><strong>&#39;Cypri</strong></span> <span class='ocrx_word' id='word_1_154' title='bbox 785 1944 946 2024; x_wconf 83' lang='lat' dir='ltr'><strong>Episcopi,</strong></span> <span class='ocrx_word' id='word_1_155' title='bbox 969 1946 1186 2005; x_wconf 84' lang='lat' dir='ltr'><strong>cum-neutrius</strong></span> <span class='ocrx_word' id='word_1_156' title='bbox 1202 1965 1237 2004; x_wconf 88' lang='lat' dir='ltr'><strong>ea</strong></span> 
     </span>
     <span class='ocr_line' id='line_1_20' title="bbox 123 2022 1237 2111; baseline 0.008 -26"><span class='ocrx_word' id='word_1_157' title='bbox 123 2026 190 2087; x_wconf 88' lang='lat' dir='ltr'><strong>sint.</strong></span> <span class='ocrx_word' id='word_1_158' title='bbox 237 2029 435 2104; x_wconf 84' lang='lat' dir='ltr'><strong>Posterioris,</strong></span> <span class='ocrx_word' id='word_1_159' title='bbox 463 2029 629 2109; x_wconf 79' lang='lat' dir='ltr'><strong>Epiphanii·</strong></span> <span class='ocrx_word' id='word_1_160' title='bbox 647 2031 777 2104; x_wconf 77' lang='lat' dir='ltr'><strong>scilicet,</strong></span> <span class='ocrx_word' id='word_1_161' title='bbox 810 2044 896 2111; x_wconf 87' lang='lat' dir='ltr'><strong>opus&#39;</strong></span> <span class='ocrx_word' id='word_1_162' title='bbox 910 2022 1142 2091; x_wconf 79' lang='lat' dir='ltr'><strong>describitur-in</strong></span> <span class='ocrx_word' id='word_1_163' title='bbox 1164 2028 1237 2094; x_wconf 85' lang='lat' dir='ltr'><strong>Cod.</strong></span> 
     </span>
     <span class='ocr_line' id='line_1_21' title="bbox 29 2112 1235 2196; baseline 0.003 -25"><span class='ocrx_word' id='word_1_164' title='bbox 29 2136 31 2149; x_wconf 90' lang='grc'><strong><em>·</em></strong></span> <span class='ocrx_word' id='word_1_165' title='bbox 124 2112 205 2191; x_wconf 49' lang='lat' dir='ltr'><strong>Rege</strong></span> <span class='ocrx_word' id='word_1_166' title='bbox 217 2135 255 2173; x_wconf 87' lang='lat'><strong>11.</strong></span> <span class='ocrx_word' id='word_1_167' title='bbox 280 2132 442 2176; x_wconf 75' lang='lat' dir='ltr'><strong>macconi.</strong></span> <span class='ocrx_word' id='word_1_168' title='bbox 472 2117 620 2181; x_wconf 62' lang='lat' dir='ltr'><strong>fol.2281</strong></span> <span class='ocrx_word' id='word_1_169' title='bbox 649 2116 765 2196; x_wconf 84' lang='lat' dir='ltr'><strong>scripto</strong></span> <span class='ocrx_word' id='word_1_170' title='bbox 793 2114 871 2177; x_wconf 80' lang='lat' dir='ltr'><strong>euno</strong></span> <span class='ocrx_word' id='word_1_171' title='bbox 896 2126 1025 2178; x_wconf 75' lang='lat' dir='ltr'><strong>mcbxcr.</strong></span> <span class='ocrx_word' id='word_1_172' title='bbox 1046 2126 1139 2176; x_wconf 78' lang='lat' dir='ltr'><strong>obex</strong></span> <span class='ocrx_word' id='word_1_173' title='bbox 1161 2117 1235 2176; x_wconf 82' lang='lat' dir='ltr'><strong>cod.</strong></span> 
     </span>
     <span class='ocr_line' id='line_1_22' title="bbox 124 2199 1236 2284; baseline 0.004 -27"><span class='ocrx_word' id='word_1_174' title='bbox 124 2199 236 2260; x_wconf 87' lang='lat' dir='ltr'><strong>veteris</strong></span> <span class='ocrx_word' id='word_1_175' title='bbox 265 2202 381 2259; x_wconf 87' lang='lat' dir='ltr'><strong>Romae</strong></span> <span class='ocrx_word' id='word_1_176' title='bbox 410 2201 526 2281; x_wconf 88' lang='lat' dir='ltr'><strong>scripto</strong></span> <span class='ocrx_word' id='word_1_177' title='bbox 557 2222 635 2260; x_wconf 83' lang='lat' dir='ltr'><strong>enno</strong></span> <span class='ocrx_word' id='word_1_178' title='bbox 660 2222 781 2284; x_wconf 78' lang='lat' dir='ltr'><strong>nccnrx.</strong></span> <span class='ocrx_word' id='word_1_179' title='bbox 806 2213 840 2262; x_wconf 87' lang='lat' dir='ltr'><strong>ut</strong></span> <span class='ocrx_word' id='word_1_180' title='bbox 864 2202 898 2261; x_wconf 84' lang='lat' dir='ltr'><strong>io</strong></span> <span class='ocrx_word' id='word_1_181' title='bbox 919 2204 954 2261; x_wconf 80' lang='lat' dir='ltr'><strong>e&#39;o</strong></span> <span class='ocrx_word' id='word_1_182' title='bbox 975 2208 1164 2277; x_wconf 61' lang='lat' dir='ltr'><strong>annotetur,</strong></span> <span class='ocrx_word' id='word_1_183' title='bbox 1181 2202 1236 2261; x_wconf 64' lang='lat' dir='ltr'><strong>des-</strong></span> 
     </span>
     <span class='ocr_line' id='line_1_23' title="bbox 126 2285 1236 2367; baseline 0.005 -26"><span class='ocrx_word' id='word_1_184' title='bbox 126 2295 265 2364; x_wconf 86' lang='lat' dir='ltr'><strong>snmpto:</strong></span> <span class='ocrx_word' id='word_1_185' title='bbox 289 2285 379 2345; x_wconf 82' lang='lat' dir='ltr'><strong>unde</strong></span> <span class='ocrx_word' id='word_1_186' title='bbox 394 2286 535 2365; x_wconf 80' lang='lat' dir='ltr'><strong>colligere</strong></span> <span class='ocrx_word' id='word_1_187' title='bbox 556 2287 661 2345; x_wconf 84' lang='lat' dir='ltr'><strong>saltem</strong></span> <span class='ocrx_word' id='word_1_188' title='bbox 681 2289 779 2362; x_wconf 88' lang='lat' dir='ltr'><strong>liceat,</strong></span> <span class='ocrx_word' id='word_1_189' title='bbox 802 2296 837 2347; x_wconf 87' lang='lat' dir='ltr'><strong>ut</strong></span> <span class='ocrx_word' id='word_1_190' title='bbox 858 2296 889 2347; x_wconf 87' lang='lat' dir='ltr'><strong>et</strong></span> <span class='ocrx_word' id='word_1_191' title='bbox 909 2287 1023 2367; x_wconf 79' lang='lat' dir='ltr'><strong>pariter</strong></span> <span class='ocrx_word' id='word_1_192' title='bbox 1044 2286 1161 2347; x_wconf 72' lang='lat' dir='ltr'><strong>ex‘hoc</strong></span> <span class='ocrx_word' id='word_1_193' title='bbox 1181 2288 1236 2346; x_wconf 87' lang='lat' dir='ltr'><strong>Pa-</strong></span> 
     </span>
     <span class='ocr_line' id='line_1_24' title="bbox 126 2368 1236 2451; baseline 0.006 -25"><span class='ocrx_word' id='word_1_194' title='bbox 126 2368 219 2430; x_wconf 87' lang='lat' dir='ltr'><strong>sohali</strong></span> <span class='ocrx_word' id='word_1_195' title='bbox 247 2372 282 2431; x_wconf 91' lang='lat' dir='ltr'><strong>in</strong></span> <span class='ocrx_word' id='word_1_196' title='bbox 310 2391 363 2432; x_wconf 82' lang='lat' dir='ltr'><strong>xx.</strong></span> <span class='ocrx_word' id='word_1_197' title='bbox 393 2370 525 2432; x_wconf 87' lang='lat' dir='ltr'><strong>Heraclii</strong></span> <span class='ocrx_word' id='word_1_198' title='bbox 553 2392 663 2431; x_wconf 83' lang='lat' dir='ltr'><strong>annum</strong></span> <span class='ocrx_word' id='word_1_199' title='bbox 689 2373 865 2446; x_wconf 79' lang='lat' dir='ltr'><strong>desinente,</strong></span> <span class='ocrx_word' id='word_1_200' title='bbox 891 2370 982 2432; x_wconf 27' lang='lat' dir='ltr'><strong>&#39;haud</strong></span> <span class='ocrx_word' id='word_1_201' title='bbox 1010 2393 1083 2433; x_wconf 89' lang='lat' dir='ltr'><strong>esse·</strong></span> <span class='ocrx_word' id='word_1_202' title='bbox 1103 2390 1236 2451; x_wconf 83' lang='lat' dir='ltr'><strong>nuperae</strong></span> 
     </span>
     <span class='ocr_line' id='line_1_25' title="bbox 125 2450 1236 2546; baseline 0.006 -34"><span class='ocrx_word' id='word_1_203' title='bbox 125 2451 218 2517; x_wconf 91' lang='lat' dir='ltr'><strong>hosce</strong></span> <span class='ocrx_word' id='word_1_204' title='bbox 239 2455 468 2536; x_wconf 81' lang='lat' dir='ltr'><strong>qualescunque</strong></span> <span class='ocrx_word' id='word_1_205' title='bbox 488 2459 673 2537; x_wconf 78' lang='lat' dir='ltr'><strong>Scriptores,</strong></span> <span class='ocrx_word' id='word_1_206' title='bbox 696 2458 779 2538; x_wconf 88' lang='lat' dir='ltr'><strong>quod</strong></span> <span class='ocrx_word' id='word_1_207' title='bbox 802 2456 925 2546; x_wconf 78' lang='lat' dir='ltr'><strong>quidam</strong></span> <span class='ocrx_word' id='word_1_208' title='bbox 939 2450 1236 2537; x_wconf 57' lang='lat' dir='ltr'><strong>·volunt‚9siq&#39;uidem</strong></span> 
     </span>
     <span class='ocr_line' id='line_1_26' title="bbox 127 2543 1236 2625; baseline 0.004 -26"><span class='ocrx_word' id='word_1_209' title='bbox 127 2551 193 2603; x_wconf 88' lang='lat' dir='ltr'><strong>ante</strong></span> <span class='ocrx_word' id='word_1_210' title='bbox 220 2548 334 2602; x_wconf 85' lang='lat' dir='ltr'><strong>annum</strong></span> <span class='ocrx_word' id='word_1_211' title='bbox 355 2563 421 2603; x_wconf 86' lang='lat' dir='ltr'><strong>nnc.</strong></span> <span class='ocrx_word' id='word_1_212' title='bbox 443 2544 466 2602; x_wconf 92' lang='lat' dir='ltr'><strong>ii</strong></span> <span class='ocrx_word' id='word_1_213' title='bbox 487 2544 626 2625; x_wconf 84' lang='lat' dir='ltr'><strong>vixerint.</strong></span> <span class='ocrx_word' id='word_1_214' title='bbox 670 2546 709 2604; x_wconf 86' lang='lat' dir='ltr'><strong>Et</strong></span> <span class='ocrx_word' id='word_1_215' title='bbox 738 2552 820 2617; x_wconf 87' lang='lat' dir='ltr'><strong>certe</strong></span> <span class='ocrx_word' id='word_1_216' title='bbox 843 2543 991 2604; x_wconf 79' lang='lat' dir='ltr'><strong>Graecus·</strong></span> <span class='ocrx_word' id='word_1_217' title='bbox 1004 2544 1157 2625; x_wconf 84' lang='lat' dir='ltr'><strong>interpres</strong></span> <span class='ocrx_word' id='word_1_218' title='bbox 1177 2545 1236 2603; x_wconf 87' lang='lat' dir='ltr'><strong>Do·</strong></span> 
     </span>
     <span class='ocr_line' id='line_1_27' title="bbox 126 2625 1237 2717; baseline 0.002 -30"><span class='ocrx_word' id='word_1_219' title='bbox 126 2625 226 2689; x_wconf 80' lang='lat' dir='ltr'><strong>rothei</strong></span> <span class='ocrx_word' id='word_1_220' title='bbox 246 2637 400 2704; x_wconf 85' lang='lat' dir='ltr'><strong>testetur,</strong></span> <span class='ocrx_word' id='word_1_221' title='bbox 431 2640 485 2689; x_wconf 84' lang='lat' dir='ltr'><strong>seu</strong></span> <span class='ocrx_word' id='word_1_222' title='bbox 502 2630 605 2708; x_wconf 87' lang='lat' dir='ltr'><strong>fingit,</strong></span> <span class='ocrx_word' id='word_1_223' title='bbox 637 2650 672 2689; x_wconf 85' lang='lat' dir='ltr'><strong>ea</strong></span> <span class='ocrx_word' id='word_1_224' title='bbox 692 2650 769 2717; x_wconf 68' lang='lat' dir='ltr'><strong>puae</strong></span> <span class='ocrx_word' id='word_1_225' title='bbox 790 2629 827 2690; x_wconf 91' lang='lat' dir='ltr'><strong>de</strong></span> <span class='ocrx_word' id='word_1_226' title='bbox 849 2629 1009 2711; x_wconf 80' lang='lat' dir='ltr'><strong>Prophetis</strong></span> <span class='ocrx_word' id='word_1_227' title='bbox 1031 2639 1062 2690; x_wconf 87' lang='lat' dir='ltr'><strong>et</strong></span> <span class='ocrx_word' id='word_1_228' title='bbox 1082 2630 1237 2708; x_wconf 72' lang='lat' dir='ltr'><strong>Apostolis</strong></span> 
     </span>
     <span class='ocr_line' id='line_1_28' title="bbox 127 2714 1237 2796; baseline 0.006 -26"><span class='ocrx_word' id='word_1_229' title='bbox 127 2714 266 2794; x_wconf 84' lang='lat' dir='ltr'><strong>scripsit,</strong></span> <span class='ocrx_word' id='word_1_230' title='bbox 299 2734 338 2774; x_wconf 83' lang='lat' dir='ltr'><strong>ex</strong></span> <span class='ocrx_word' id='word_1_231' title='bbox 367 2715 501 2796; x_wconf 86' lang='lat' dir='ltr'><strong>ejusdem</strong></span> <span class='ocrx_word' id='word_1_232' title='bbox 528 2715 674 2775; x_wconf 89' lang='lat' dir='ltr'><strong>Dorothei</strong></span> <span class='ocrx_word' id='word_1_233' title='bbox 703 2716 816 2776; x_wconf 83' lang='lat' dir='ltr'><strong>Latinis</strong></span> <span class='ocrx_word' id='word_1_234' title='bbox 846 2715 1073 2776; x_wconf 88' lang='lat' dir='ltr'><strong>Commentariis</strong></span> <span class='ocrx_word' id='word_1_235' title='bbox 1101 2714 1237 2777; x_wconf 78' lang='lat' dir='ltr'><strong>hansuss</strong></span> 
     </span>
     <span class='ocr_line' id='line_1_29' title="bbox 127 2796 1237 2881; baseline 0.005 -27"><span class='ocrx_word' id='word_1_236' title='bbox 127 2816 162 2854; x_wconf 90' lang='lat' dir='ltr'><strong>ac</strong></span> <span class='ocrx_word' id='word_1_237' title='bbox 183 2798 380 2879; x_wconf 70' lang='lat' dir='ltr'><strong>descripsisse</strong></span> <span class='ocrx_word' id='word_1_238' title='bbox 396 2821 438 2860; x_wconf 80' lang='lat' dir='ltr'><strong>eo</strong></span> <span class='ocrx_word' id='word_1_239' title='bbox 459 2804 539 2863; x_wconf 85' lang='lat' dir='ltr'><strong>enno</strong></span> <span class='ocrx_word' id='word_1_240' title='bbox 559 2822 620 2881; x_wconf 88' lang='lat' dir='ltr'><strong>quo</strong></span> <span class='ocrx_word' id='word_1_241' title='bbox 641 2801 768 2865; x_wconf 82' lang='lat' dir='ltr'><strong>loannes</strong></span> <span class='ocrx_word' id='word_1_242' title='bbox 789 2796 871 2881; x_wconf 75' lang='lat' dir='ltr'><strong>Pap&#39;a</strong></span> <span class='ocrx_word' id='word_1_243' title='bbox 893 2798 1151 2880; x_wconf 81' lang='lat' dir='ltr'><strong>Constantinopoli</strong></span> <span class='ocrx_word' id='word_1_244' title='bbox 1167 2820 1237 2860; x_wconf 88' lang='lat' dir='ltr'><strong>ver-</strong></span> 
     </span>
     <span class='ocr_line' id='line_1_30' title="bbox 129 2880 1326 2969; baseline 0.003 -30"><span class='ocrx_word' id='word_1_245' title='bbox 129 2883 263 2963; x_wconf 85' lang='lat' dir='ltr'><strong>sabatur,</strong></span> <span class='ocrx_word' id='word_1_246' title='bbox 287 2885 454 2946; x_wconf 80' lang='lat' dir='ltr'><strong>Philoxeno</strong></span> <span class='ocrx_word' id='word_1_247' title='bbox 478 2897 508 2949; x_wconf 92' lang='lat' dir='ltr'><strong>et</strong></span> <span class='ocrx_word' id='word_1_248' title='bbox 527 2888 628 2947; x_wconf 80' lang='lat' dir='ltr'><strong>Probo</strong></span> <span class='ocrx_word' id='word_1_249' title='bbox 651 2880 886 2969; x_wconf 54' lang='lat' dir='ltr'><strong>Cosssproinde‘</strong></span> <span class='ocrx_word' id='word_1_250' title='bbox 902 2888 1018 2965; x_wconf 77' lang='lat' dir='ltr'><strong>lustina</strong></span> <span class='ocrx_word' id='word_1_251' title='bbox 1040 2884 1159 2947; x_wconf 81' lang='lat' dir='ltr'><strong>seniore</strong></span> <span class='ocrx_word' id='word_1_252' title='bbox 1180 2887 1238 2944; x_wconf 84' lang='lat' dir='ltr'><strong>im·</strong></span> <span class='ocrx_word' id='word_1_253' title='bbox 1322 2957 1326 2965; x_wconf 29' lang='grc'><strong>,</strong></span> 
     </span>
     <span class='ocr_line' id='line_1_31' title="bbox 127 2971 1237 3054; baseline 0.004 -28"><span class='ocrx_word' id='word_1_254' title='bbox 127 2983 262 3048; x_wconf 82' lang='lat' dir='ltr'><strong>perante.</strong></span> <span class='ocrx_word' id='word_1_255' title='bbox 317 2971 426 3051; x_wconf 87' lang='lat' dir='ltr'><strong>Operis</strong></span> <span class='ocrx_word' id='word_1_256' title='bbox 456 2983 558 3032; x_wconf 84' lang='lat' dir='ltr'><strong>autom</strong></span> <span class='ocrx_word' id='word_1_257' title='bbox 585 2974 745 3054; x_wconf 80' lang='lat' dir='ltr'><strong>Epiphanii</strong></span> <span class='ocrx_word' id='word_1_258' title='bbox 773 2977 806 3032; x_wconf 86' lang='lat' dir='ltr'><strong>in</strong></span> <span class='ocrx_word' id='word_1_259' title='bbox 836 2975 910 3033; x_wconf 88' lang='lat' dir='ltr'><strong>Cod.</strong></span> <span class='ocrx_word' id='word_1_260' title='bbox 937 2975 1029 3052; x_wconf 82' lang='lat' dir='ltr'><strong>Regio</strong></span> <span class='ocrx_word' id='word_1_261' title='bbox 1056 2974 1163 3033; x_wconf 86' lang='lat' dir='ltr'><strong>lemma</strong></span> <span class='ocrx_word' id='word_1_262' title='bbox 1194 2971 1237 3030; x_wconf 80' lang='lat' dir='ltr'><strong>its</strong></span> 
     </span>
     <span class='ocr_line' id='line_1_32' title="bbox 130 3053 1237 3140; baseline 0.008 -30"><span class='ocrx_word' id='word_1_263' title='bbox 130 3057 317 3137; x_wconf 87' lang='lat' dir='ltr'><strong>concipitur:</strong></span> <span class='ocrx_word' id='word_1_264' title='bbox 346 3061 409 3119; x_wconf 77' lang='lat' dir='ltr'><strong>roo</strong></span> <span class='ocrx_word' id='word_1_265' title='bbox 429 3055 518 3138; x_wconf 72' lang='lat' dir='ltr'><strong>optes</strong></span> <span class='ocrx_word' id='word_1_266' title='bbox 533 3062 712 3139; x_wconf 67' lang='grc' dir='ltr'><strong><em>ΡΛιιφανίου</em></strong></span> <span class='ocrx_word' id='word_1_267' title='bbox 729 3054 912 3123; x_wconf 58' lang='lat' dir='ltr'><strong>&amp;cosduno</strong></span> <span class='ocrx_word' id='word_1_268' title='bbox 931 3053 1062 3138; x_wconf 76' lang='grc' dir='ltr'><strong>Κύπρου</strong></span> <span class='ocrx_word' id='word_1_269' title='bbox 1081 3057 1153 3140; x_wconf 70' lang='grc' dir='ltr'><strong>περὶ</strong></span> <span class='ocrx_word' id='word_1_270' title='bbox 1175 3061 1237 3119; x_wconf 81' lang='lat' dir='ltr'><strong>saio</strong></span> 
     </span>
     <span class='ocr_line' id='line_1_33' title="bbox 130 3136 1237 3225; baseline 0.002 -26"><span class='ocrx_word' id='word_1_271' title='bbox 130 3141 322 3223; x_wconf 70' lang='grc' dir='ltr'><strong><em>Ηροφητῶν,</em></strong></span> <span class='ocrx_word' id='word_1_272' title='bbox 340 3147 406 3215; x_wconf 75' lang='grc' dir='ltr'><strong>πῶς</strong></span> <span class='ocrx_word' id='word_1_273' title='bbox 427 3136 655 3225; x_wconf 72' lang='grc' dir='ltr'><strong><em>ἐκοιμήθησαν,</em></strong></span> <span class='ocrx_word' id='word_1_274' title='bbox 675 3144 727 3207; x_wconf 76' lang='lat' dir='ltr'><strong>uui</strong></span> <span class='ocrx_word' id='word_1_275' title='bbox 748 3151 811 3207; x_wconf 75' lang='grc' dir='ltr'><strong>ποῦ</strong></span> <span class='ocrx_word' id='word_1_276' title='bbox 831 3148 955 3207; x_wconf 68' lang='lat' dir='ltr'><strong>seiunct-</strong></span> <span class='ocrx_word' id='word_1_277' title='bbox 1000 3144 1097 3217; x_wconf 87' lang='lat' dir='ltr'><strong>Quem</strong></span> <span class='ocrx_word' id='word_1_278' title='bbox 1114 3144 1237 3223; x_wconf 85' lang='lat' dir='ltr'><strong>quidem</strong></span> 
     </span>
     <span class='ocr_line' id='line_1_34' title="bbox 127 3222 1238 3315; baseline 0.005 -33"><span class='ocrx_word' id='word_1_279' title='bbox 127 3232 292 3287; x_wconf 76' lang='lat' dir='ltr'><strong>tractatum</strong></span> <span class='ocrx_word' id='word_1_280' title='bbox 323 3229 438 3307; x_wconf 83' lang='lat' dir='ltr'><strong>excipit</strong></span> <span class='ocrx_word' id='word_1_281' title='bbox 465 3231 542 3288; x_wconf 82' lang='lat' dir='ltr'><strong>alter</strong></span> <span class='ocrx_word' id='word_1_282' title='bbox 572 3222 705 3311; x_wconf 78' lang='lat' dir='ltr'><strong>ejusdem</strong></span> <span class='ocrx_word' id='word_1_283' title='bbox 734 3229 897 3315; x_wconf 77' lang='lat' dir='ltr'><strong>Epiphanii</strong></span> <span class='ocrx_word' id='word_1_284' title='bbox 915 3230 966 3288; x_wconf 71' lang='lat' dir='ltr'><strong>&#39;de&#39;</strong></span> <span class='ocrx_word' id='word_1_285' title='bbox 991 3230 1164 3308; x_wconf 83' lang='lat' dir='ltr'><strong>Apostolis,</strong></span> <span class='ocrx_word' id='word_1_286' title='bbox 1200 3228 1238 3287; x_wconf 88' lang='lat' dir='ltr'><strong>da</strong></span> 
     </span>
     <span class='ocr_line' id='line_1_35' title="bbox 131 3311 1238 3397; baseline 0.002 -27"><span class='ocrx_word' id='word_1_287' title='bbox 131 3330 189 3388; x_wconf 85' lang='lat' dir='ltr'><strong>quo</strong></span> <span class='ocrx_word' id='word_1_288' title='bbox 210 3334 333 3392; x_wconf 88' lang='lat' dir='ltr'><strong>agemus</strong></span> <span class='ocrx_word' id='word_1_289' title='bbox 354 3314 443 3373; x_wconf 84' lang='lat' dir='ltr'><strong>infra.</strong></span> <span class='ocrx_word' id='word_1_290' title='bbox 487 3314 606 3394; x_wconf 79' lang='lat' dir='ltr'><strong>Dupleir</strong></span> <span class='ocrx_word' id='word_1_291' title='bbox 628 3326 730 3374; x_wconf 86' lang='lat' dir='ltr'><strong>autem</strong></span> <span class='ocrx_word' id='word_1_292' title='bbox 751 3314 913 3397; x_wconf 75' lang='lat' dir='ltr'><strong>Epiphanii</strong></span> <span class='ocrx_word' id='word_1_293' title='bbox 931 3315 1022 3373; x_wconf 83' lang='lat' dir='ltr'><strong>istius</strong></span> <span class='ocrx_word' id='word_1_294' title='bbox 1044 3315 1088 3374; x_wconf 60' lang='lat' dir='ltr'><strong>dai</strong></span> <span class='ocrx_word' id='word_1_295' title='bbox 1103 3311 1238 3391; x_wconf 71' lang='lat' dir='ltr'><strong>Prophe·</strong></span> 
     </span>
     <span class='ocr_line' id='line_1_36' title="bbox 130 3394 1237 3480; baseline 0.002 -27"><span class='ocrx_word' id='word_1_296' title='bbox 130 3394 169 3453; x_wconf 86' lang='lat' dir='ltr'><strong>tis</strong></span> <span class='ocrx_word' id='word_1_297' title='bbox 196 3402 290 3460; x_wconf 79' lang='lat' dir='ltr'><strong>editio</strong></span> <span class='ocrx_word' id='word_1_298' title='bbox 319 3399 446 3477; x_wconf 87' lang='lat' dir='ltr'><strong>prodiit:</strong></span> <span class='ocrx_word' id='word_1_299' title='bbox 481 3400 593 3480; x_wconf 72' lang='lat' dir='ltr'><strong>prims,</strong></span> <span class='ocrx_word' id='word_1_300' title='bbox 624 3400 734 3473; x_wconf 79' lang='lat' dir='ltr'><strong>Albani</strong></span> <span class='ocrx_word' id='word_1_301' title='bbox 758 3401 864 3460; x_wconf 90' lang='lat' dir='ltr'><strong>Torini</strong></span> <span class='ocrx_word' id='word_1_302' title='bbox 889 3420 946 3460; x_wconf 80' lang='lat' dir='ltr'><strong>sn·</strong></span> <span class='ocrx_word' id='word_1_303' title='bbox 968 3410 1102 3477; x_wconf 74' lang='lat' dir='ltr'><strong>mnxxrx.</strong></span> <span class='ocrx_word' id='word_1_304' title='bbox 1131 3398 1237 3480; x_wconf 71' lang='lat' dir='ltr'><strong>sltera,</strong></span> 
     </span>
     <span class='ocr_line' id='line_1_37' title="bbox 130 3478 1239 3567; baseline 0.003 -28"><span class='ocrx_word' id='word_1_305' title='bbox 130 3478 276 3545; x_wconf 81' lang='lat' dir='ltr'><strong>Joaohimi</strong></span> <span class='ocrx_word' id='word_1_306' title='bbox 297 3484 425 3545; x_wconf 88' lang='lat' dir='ltr'><strong>Zehneri</strong></span> <span class='ocrx_word' id='word_1_307' title='bbox 446 3506 492 3544; x_wconf 87' lang='lat' dir='ltr'><strong>sn.</strong></span> <span class='ocrx_word' id='word_1_308' title='bbox 515 3498 634 3549; x_wconf 76' lang='lat' dir='ltr'><strong>mccxli.</strong></span> <span class='ocrx_word' id='word_1_309' title='bbox 658 3487 709 3564; x_wconf 89' lang='lat' dir='ltr'><strong>qui</strong></span> <span class='ocrx_word' id='word_1_310' title='bbox 732 3491 763 3567; x_wconf 76' lang='lat' dir='ltr'><strong>et</strong></span> <span class='ocrx_word' id='word_1_311' title='bbox 783 3485 918 3565; x_wconf 85' lang='lat' dir='ltr'><strong>priorem</strong></span> <span class='ocrx_word' id='word_1_312' title='bbox 932 3483 1092 3565; x_wconf 69' lang='lat' dir='ltr'><strong>recensuit,</strong></span> <span class='ocrx_word' id='word_1_313' title='bbox 1113 3492 1144 3543; x_wconf 91' lang='lat' dir='ltr'><strong>et</strong></span> <span class='ocrx_word' id='word_1_314' title='bbox 1156 3483 1239 3542; x_wconf 60' lang='lat' dir='ltr'><strong>Scri</strong></span> 
     </span>
     <span class='ocr_line' id='line_1_38' title="bbox 130 3570 1237 3651; baseline 0.005 -26"><span class='ocrx_word' id='word_1_315' title='bbox 130 3575 247 3643; x_wconf 81' lang='lat' dir='ltr'><strong>plorem</strong></span> <span class='ocrx_word' id='word_1_316' title='bbox 280 3571 443 3651; x_wconf 77' lang='lat' dir='ltr'><strong>fusioribus</strong></span> <span class='ocrx_word' id='word_1_317' title='bbox 456 3571 459 3579; x_wconf 87' lang='lat'>&#39;</span> <span class='ocrx_word' id='word_1_318' title='bbox 472 3570 698 3649; x_wconf 75' lang='lat' dir='ltr'><strong>Commentariis</strong></span> <span class='ocrx_word' id='word_1_319' title='bbox 731 3571 906 3633; x_wconf 76' lang='lat' dir='ltr'><strong>illustravit.</strong></span> <span class='ocrx_word' id='word_1_320' title='bbox 953 3570 1047 3643; x_wconf 82' lang='lat' dir='ltr'><strong>Quod</strong></span> <span class='ocrx_word' id='word_1_321' title='bbox 1081 3570 1114 3627; x_wconf 86' lang='lat' dir='ltr'><strong>in</strong></span> <span class='ocrx_word' id='word_1_322' title='bbox 1149 3589 1237 3630; x_wconf 80' lang='lat' dir='ltr'><strong>causo</strong></span> 
     </span>
     <span class='ocr_line' id='line_1_39' title="bbox 132 3650 1238 3737; baseline 0.005 -27"><span class='ocrx_word' id='word_1_323' title='bbox 132 3650 189 3711; x_wconf 81' lang='lat' dir='ltr'><strong>tuit</strong></span> <span class='ocrx_word' id='word_1_324' title='bbox 221 3677 279 3716; x_wconf 90' lang='lat' dir='ltr'><strong>cur</strong></span> <span class='ocrx_word' id='word_1_325' title='bbox 312 3657 339 3715; x_wconf 85' lang='lat' dir='ltr'><strong>ei</strong></span> <span class='ocrx_word' id='word_1_326' title='bbox 374 3655 552 3716; x_wconf 79' lang='lat' dir='ltr'><strong>elucidando</strong></span> <span class='ocrx_word' id='word_1_327' title='bbox 581 3657 737 3716; x_wconf 78' lang='lat' dir='ltr'><strong>immorari</strong></span> <span class='ocrx_word' id='word_1_328' title='bbox 765 3655 874 3717; x_wconf 86' lang='lat' dir='ltr'><strong>debere</strong></span> <span class='ocrx_word' id='word_1_329' title='bbox 903 3650 1028 3715; x_wconf 81' lang='lat' dir='ltr'><strong>minime</strong></span> <span class='ocrx_word' id='word_1_330' title='bbox 1055 3655 1238 3737; x_wconf 83' lang='lat' dir='ltr'><strong>censuerim:</strong></span> 
     </span>
     <span class='ocr_line' id='line_1_40' title="bbox 107 3742 1238 3822; baseline -0.005 -17"><span class='ocrx_word' id='word_1_331' title='bbox 107 3796 110 3805; x_wconf 88' lang='lat'>.</span> <span class='ocrx_word' id='word_1_332' title='bbox 133 3755 200 3799; x_wconf 69' lang='lat' dir='ltr'><strong>eum</strong></span> <span class='ocrx_word' id='word_1_333' title='bbox 225 3752 380 3822; x_wconf 79' lang='lat' dir='ltr'><strong>praeterea</strong></span> <span class='ocrx_word' id='word_1_334' title='bbox 400 3745 449 3802; x_wconf 90' lang='lat' dir='ltr'><strong>vir</strong></span> <span class='ocrx_word' id='word_1_335' title='bbox 470 3742 629 3820; x_wconf 83' lang='lat' dir='ltr'><strong>singularis</strong></span> <span class='ocrx_word' id='word_1_336' title='bbox 651 3743 772 3802; x_wconf 92' lang='lat' dir='ltr'><strong>omnino</strong></span> <span class='ocrx_word' id='word_1_337' title='bbox 803 3742 980 3802; x_wconf 88' lang='lat' dir='ltr'><strong>eruditionis</strong></span> <span class='ocrx_word' id='word_1_338' title='bbox 993 3743 1108 3801; x_wconf 56' lang='lat' dir='ltr'><strong>*Petrus</strong></span> <span class='ocrx_word' id='word_1_339' title='bbox 1132 3742 1238 3800; x_wconf 89' lang='lat' dir='ltr'><strong>Daniel</strong></span> 
     </span>
     <span class='ocr_line' id='line_1_41' title="bbox 133 3818 1239 3909; baseline 0.005 -27"><span class='ocrx_word' id='word_1_340' title='bbox 133 3818 275 3905; x_wconf 87' lang='lat' dir='ltr'><strong>Huetius,</strong></span> <span class='ocrx_word' id='word_1_341' title='bbox 310 3828 520 3887; x_wconf 87' lang='lat' dir='ltr'><strong>Suessonensis</strong></span> <span class='ocrx_word' id='word_1_342' title='bbox 547 3828 716 3909; x_wconf 83' lang='lat' dir='ltr'><strong>Episcopus</strong></span> <span class='ocrx_word' id='word_1_343' title='bbox 745 3827 933 3909; x_wconf 80' lang='lat' dir='ltr'><strong>designatus,</strong></span> <span class='ocrx_word' id='word_1_344' title='bbox 962 3848 1018 3887; x_wconf 90' lang='lat' dir='ltr'><strong>seu</strong></span> <span class='ocrx_word' id='word_1_345' title='bbox 1042 3833 1170 3904; x_wconf 70' lang='lat' dir='ltr'><strong>ammos,</strong></span> <span class='ocrx_word' id='word_1_346' title='bbox 1202 3837 1239 3887; x_wconf 85' lang='lat' dir='ltr'><strong>ut</strong></span> 
     </span>
     <span class='ocr_line' id='line_1_42' title="bbox 134 3904 1241 3994; baseline 0.005 -26"><span class='ocrx_word' id='word_1_347' title='bbox 134 3904 275 3994; x_wconf 77' lang='lat' dir='ltr'><strong>Episcopi</strong></span> <span class='ocrx_word' id='word_1_348' title='bbox 303 3913 391 3973; x_wconf 85' lang='lat' dir='ltr'><strong>electi</strong></span> <span class='ocrx_word' id='word_1_349' title='bbox 421 3913 494 3972; x_wconf 88' lang='lat' dir='ltr'><strong>olim</strong></span> <span class='ocrx_word' id='word_1_350' title='bbox 512 3912 586 3974; x_wconf 81' lang='lat' dir='ltr'><strong>&#39;sese</strong></span> <span class='ocrx_word' id='word_1_351' title='bbox 613 3914 805 3991; x_wconf 81' lang='lat' dir='ltr'><strong>vocitabant,</strong></span> <span class='ocrx_word' id='word_1_352' title='bbox 841 3915 911 3974; x_wconf 88' lang='lat' dir='ltr'><strong>idce</strong></span> <span class='ocrx_word' id='word_1_353' title='bbox 946 3913 1112 3990; x_wconf 84' lang='lat' dir='ltr'><strong>argumenti</strong></span> <span class='ocrx_word' id='word_1_354' title='bbox 1141 3911 1241 3973; x_wconf 86' lang='lat' dir='ltr'><strong>solide</strong></span> 
     </span>
     <span class='ocr_line' id='line_1_43' title="bbox 134 3994 1237 4077; baseline 0.005 -26"><span class='ocrx_word' id='word_1_355' title='bbox 134 4008 308 4077; x_wconf 79' lang='lat' dir='ltr'><strong>persecutus</strong></span> <span class='ocrx_word' id='word_1_356' title='bbox 330 3999 369 4056; x_wconf 88' lang='lat' dir='ltr'><strong>sit</strong></span> <span class='ocrx_word' id='word_1_357' title='bbox 389 3999 703 4060; x_wconf 80' lang='lat' dir='ltr'><strong>inDemonstratione</strong></span> <span class='ocrx_word' id='word_1_358' title='bbox 722 4001 920 4077; x_wconf 84' lang='lat' dir='ltr'><strong>Evangelica,</strong></span> <span class='ocrx_word' id='word_1_359' title='bbox 936 3996 1005 4059; x_wconf 70' lang='lat' dir='ltr'><strong>&#39;&#39;ubi</strong></span> <span class='ocrx_word' id='word_1_360' title='bbox 1026 3994 1080 4059; x_wconf 69' lang='lat' dir='ltr'><strong>rin.</strong></span> <span class='ocrx_word' id='word_1_361' title='bbox 1103 3997 1237 4077; x_wconf 90' lang='lat' dir='ltr'><strong>Prophe·</strong></span> 
     </span>
     <span class='ocr_line' id='line_1_44' title="bbox 135 4076 1237 4164; baseline 0.004 -27"><span class='ocrx_word' id='word_1_362' title='bbox 135 4084 231 4141; x_wconf 82' lang='lat' dir='ltr'><strong>terum</strong></span> <span class='ocrx_word' id='word_1_363' title='bbox 255 4085 292 4145; x_wconf 88' lang='lat' dir='ltr'><strong>de</strong></span> <span class='ocrx_word' id='word_1_364' title='bbox 320 4082 431 4142; x_wconf 84' lang='lat' dir='ltr'><strong>Christi</strong></span> <span class='ocrx_word' id='word_1_365' title='bbox 455 4076 688 4164; x_wconf 66' lang='lat' dir='ltr'><strong>dispensatione*</strong></span> <span class='ocrx_word' id='word_1_366' title='bbox 706 4086 1087 4164; x_wconf 85' lang='lat' dir='ltr'><strong>praedictioneseccurste</strong></span> <span class='ocrx_word' id='word_1_367' title='bbox 1107 4078 1237 4160; x_wconf 61' lang='lat' dir='ltr'><strong>collegit,</strong></span> 
     </span>
     <span class='ocr_line' id='line_1_45' title="bbox 136 4166 1239 4253; baseline -0.003 -25"><span class='ocrx_word' id='word_1_368' title='bbox 136 4182 171 4222; x_wconf 59' lang='grc' dir='ltr'><strong>δῦ</strong></span> <span class='ocrx_word' id='word_1_369' title='bbox 198 4168 428 4251; x_wconf 73' lang='grc' dir='ltr'><strong><em>ὑποβολιμαίων</em></strong></span> <span class='ocrx_word' id='word_1_370' title='bbox 458 4170 603 4230; x_wconf 86' lang='lat' dir='ltr'><strong>Dorothei</strong></span> <span class='ocrx_word' id='word_1_371' title='bbox 634 4180 665 4230; x_wconf 90' lang='lat' dir='ltr'><strong>et</strong></span> <span class='ocrx_word' id='word_1_372' title='bbox 691 4171 852 4253; x_wconf 81' lang='lat' dir='ltr'><strong>Epiphanii</strong></span> <span class='ocrx_word' id='word_1_373' title='bbox 879 4170 1007 4250; x_wconf 87' lang='lat' dir='ltr'><strong>scripta,</strong></span> <span class='ocrx_word' id='word_1_374' title='bbox 1041 4169 1171 4228; x_wconf 86' lang='lat' dir='ltr'><strong>maxime</strong></span> <span class='ocrx_word' id='word_1_375' title='bbox 1201 4166 1239 4226; x_wconf 90' lang='lat' dir='ltr'><strong>ds</strong></span> 
     </span>
     <span class='ocr_line' id='line_1_46' title="bbox 137 4254 1239 4336; baseline -0.001 -24"><span class='ocrx_word' id='word_1_376' title='bbox 137 4264 238 4314; x_wconf 67' lang='lat' dir='ltr'><strong>sorum</strong></span> <span class='ocrx_word' id='word_1_377' title='bbox 261 4256 356 4336; x_wconf 82' lang='lat' dir='ltr'><strong>patris</strong></span> <span class='ocrx_word' id='word_1_378' title='bbox 377 4255 541 4315; x_wconf 59' lang='lat' dir='ltr'><strong>examinat,</strong></span> <span class='ocrx_word' id='word_1_379' title='bbox 579 4255 710 4316; x_wconf 86' lang='lat' dir='ltr'><strong>Proinde</strong></span> <span class='ocrx_word' id='word_1_380' title='bbox 734 4261 806 4317; x_wconf 85' lang='lat' dir='ltr'><strong>satis</strong></span> <span class='ocrx_word' id='word_1_381' title='bbox 828 4277 891 4316; x_wconf 87' lang='lat' dir='ltr'><strong>esse</strong></span> <span class='ocrx_word' id='word_1_382' title='bbox 914 4255 1094 4329; x_wconf 84' lang='lat' dir='ltr'><strong>censuimus,</strong></span> <span class='ocrx_word' id='word_1_383' title='bbox 1115 4254 1142 4312; x_wconf 86' lang='lat' dir='ltr'><strong>si</strong></span> <span class='ocrx_word' id='word_1_384' title='bbox 1163 4271 1239 4331; x_wconf 81' lang='lat' dir='ltr'><strong>quae</strong></span> 
     </span>
     <span class='ocr_line' id='line_1_47' title="bbox 137 4337 1238 4426; baseline -0.005 -22"><span class='ocrx_word' id='word_1_385' title='bbox 137 4350 174 4394; x_wconf 69' lang='lat'><strong>⁸1</strong></span> <span class='ocrx_word' id='word_1_386' title='bbox 200 4337 248 4404; x_wconf 87' lang='lat' dir='ltr'><strong>bis</strong></span> <span class='ocrx_word' id='word_1_387' title='bbox 276 4339 463 4405; x_wconf 75' lang='lat' dir='ltr'><strong>Auctoribus</strong></span> <span class='ocrx_word' id='word_1_388' title='bbox 491 4340 524 4401; x_wconf 90' lang='lat' dir='ltr'><strong>in</strong></span> <span class='ocrx_word' id='word_1_389' title='bbox 544 4340 641 4404; x_wconf 85' lang='lat' dir='ltr'><strong>hocce</strong></span> <span class='ocrx_word' id='word_1_390' title='bbox 660 4342 797 4426; x_wconf 75' lang='lat' dir='ltr'><strong>Paschali</strong></span> <span class='ocrx_word' id='word_1_391' title='bbox 822 4351 965 4424; x_wconf 81' lang='lat' dir='ltr'><strong>excerpts</strong></span> <span class='ocrx_word' id='word_1_392' title='bbox 986 4343 1147 4420; x_wconf 82' lang='lat' dir='ltr'><strong>teguntur,</strong></span> <span class='ocrx_word' id='word_1_393' title='bbox 1169 4356 1238 4399; x_wconf 89' lang='lat' dir='ltr'><strong>cum</strong></span> 
     </span>
    </p>
   </div>
   <div class='ocr_carea' id='block_1_3' title="bbox 0 0 1521 4898">
    <p class='ocr_par' dir='ltr' id='par_1_3' title="bbox 0 0 1521 4898">
     <span class='ocr_line' id='line_1_48' title="bbox 0 0 1521 4898; baseline 0 0"><span class='ocrx_word' id='word_1_394' title='bbox 0 0 1521 4898; x_wconf 95' lang='lat' dir='ltr'><strong> </strong></span> 
     </span>
    </p>
   </div>
  </div>
 </body>
</html>
