2944 4896
428 349 628 419 CHRONICI
649 349 877 418 aesculus.
1131 349 1203 425 117

94 514 242 594 sepulcro
270 514 444 577 resurrexit.
468 486 470 491 Α
494 514 588 574 Nobis
624 513 755 595 proinde
783 516 958 578 omnimodo
995 513 1034 576 sit
1060 514 1112 577 hic
1137 516 1202 579 dies

94 599 169 661 anni
189 596 396 679 principium,
419 611 517 680 prout
534 610 578 661 est
598 600 630 659 in
651 610 753 660 sancta
775 601 828 662 Dei
843 602 993 678 Ecclesia,
1013 601 1101 682 juxta
1114 623 1202 682 quem

92 693 200 744 sancto
224 683 368 746 Paschate
390 695 568 746 assumente
588 685 621 744 in
644 685 723 746 diem
745 686 929 747 dominicum
945 695 1016 769 post
1030 706 1096 751 xiv.
1109 689 1203 752 lunae
1315 741 1316 744 ,

90 769 181 829 istius
212 769 343 847 mensis,
377 792 439 831 non
470 771 593 833 iudaice
622 772 675 833 sed
705 771 880 851 Apostolice
914 772 992 835 illud
1024 793 1202 854 peragamus

89 851 180 940 juxta
202 855 372 916 naturalem
399 852 548 937 nobisque
575 856 713 916 traditam
735 857 944 941 methodum„
965 858 1124 938 Quotquot
1143 861 1204 939 igi-

91 951 144 1001 tur
181 961 248 1001 uon
276 939 383 1001 dicunt
419 941 551 1005 extitisse
586 942 717 1021 primum
751 944 941 1005 Dominicum
977 941 1092 1003 Pascha
1123 965 1201 1006 anno
1268 952 1270 957 ’

91 1046 121 1087 v.
139 1046 301 1086 numus.
329 1027 379 1088 vel
407 1027 488 1107 apud
517 1027 668 1088 Hebraeos
689 1047 756 1089 xsv,
786 1030 899 1106 lunae,
934 1028 1201 1092 armamenti

90 1111 203 1171 mensis
226 1131 335 1191 magna
356 1111 499 1173 salutaris
515 1113 672 1173 'Pastiouis
693 1114 877 1193 Paroream,
906 1135 942 1174 ac
964 1110 1200 1177 Resurrectionis

91 1196 279 1257 Dominicam
302 1216 367 1258 xiv.
390 1197 493 1258 Martii
512 1198 621 1258 mensio
653 1199 701 1260 die
731 1209 796 1263 tum
822 1220 884 1261 non
912 1201 1101 1281 occurrisse,
1130 1221 1199 1261 cum

90 1281 122 1341 id
150 1282 278 1341 minime
305 1282 510 1345 demonstrare
538 1284 670 1366 possint,
707 1285 776 1346 salsi
805 1286 946 1367 protinus
975 1285 1199 1349 annunciatur
1249 1312 1258 1353 3

93 1387 197 1428 eorum
214 1368 337 1429 calculi.
1243 1382 1256 1401 ·

534 1598 740 1607 --·—-··-————-—-

603 1789 666 1875 Vl

91 1942 160 2017 EX
193 1942 487 2033 HESYCHII
518 1934 787 2018 HOMILIA
812 1928 872 2019 IN
906 1943 1196 2045 NfarrtLEM
1265 1881 1267 1884 >

45 2074 51 2087 “
490 2061 793 2138 CHRISTL
958 2056 964 2069 ’
1277 2114 1281 2124 ‚

167 2218 261 2279 Auno
281 2237 358 2278 xus.
372 2217 495 2299 ‘imperii
516 2215 644 2291 ¹Augusti
660 2220 684 2293 ,'
701 2236 802 2277 mense
828 2192 1012 2293 Decembri,
1047 2214 1097 2278 die
1117 2235 1192 2280 xxv.

89 2301 158 2361 feria
178 2322 221 2364 vr.
241 2303 324 2364 liora
345 2322 401 2363 vn.
424 2300 507 2377 diei,
536 2300 708 2361 incarnatus
738 2309 785 2360 ast
812 2299 957 2361 Dominus
984 2309 1089 2361 noster
1109 2303 1193 2364 haus

89 2385 216 2448 Christus
238 2410 286 2451 ex
307 2396 410 2448 sancta
431 2386 555 2465 Virgine
575 2377 685 2459 Maria,
716 2396 820 2462 anno,
857 2384 949 2464 juxta
976 2383 1192 2463 Antiochense,

32 2465 36 2477 ¹
88 2474 232 2535 amando
267 2473 391 2535 condito
413 2491 509 2552 usque
538 2470 576 2531 ad
604 2469 714 2532 Christi
734 2470 924 2531 Nativitatem
948 2467 992 2548 [et
1013 2470 1191 2533 crucifixio-

22 2582 23 2623 3
90 2557 164 2639 nem]
186 2578 280 2622 vasa
341 2556 533 2638 Colliguntur
560 2556 638 2616 enim
676 2557 714 2616 ab
744 2557 864 2617 Adamo,
887 2574 983 2637 usque
1013 2555 1054 2615 ad
1079 2555 1190 2619 Phalec

22 2682 24 2714 ÷
91 2639 177 2702 lilium
198 2646 281 2707 Elser
303 2644 374 2704 anni
393 2665 441 2705 111.
456 2663 492 2706 ss.
518 2651 548 2702 et
568 2663 584 2701 a
601 2641 710 2702 Phalec
733 2662 767 2703 us
790 2662 828 2702 ue
850 2641 889 2702 ad
902 2661 978 2700 m.
1001 2661 1113 2702 annum
1128 2641 1190 2701 im-

22 2740 25 2797 ’,
91 2728 162 2805 perii
183 2730 327 2809 Augusti,
349 2730 689 2790 anniv.amcceu1.xv11.
705 2748 741 2787 ac
762 2665 902 2806 deinceps
925 2746 994 2799 cum
1015 2724 1189 2790 hominibus

22 2852 25 2885 g
93 2826 283 2876 conversatus
305 2825 350 2874 est
374 2816 511 2875 Salvator
532 2813 619 2873 annis
639 2832 749 2875 xxxnr.
772 2813 815 2872 ita
836 2821 872 2872 ut
896 2812 933 2870 ab
955 2809 1070 2872 Adamo
1092 2831 1188 2895 usque

22 2948 24 2972 Ι
93 2896 128 2956 ad
155 2896 267 2962 Christi
296 2900 430 2961 Natalem
456 2908 488 2959 et
515 2898 743 2958 crucifixionem
769 2896 970 2961 conficiantur
998 2897 1068 2957 anni
1093 2918 1135 2959 ,vu
1153 2919 1187 2962 Μ.

22 3022 24 3051 r
91 2978 175 3059 pleni.
217 2986 331 3047 Phalec
353 2987 481 3066 quippe,
507 2983 595 3064 juxta
616 2983 729 3063 Moysis
749 2982 959 3063 Prophetiam,
981 2982 1112 3043 medium
1127 2982 1188 3045 sti-

22 3110 24 3139 p
93 3068 165 3129 citur
185 3073 254 3131 anni
279 3069 391 3132 Christi
411 3068 620 3151 apparitionis.
651 3068 914 3142 Quemadmodum
935 3067 1014 3128 euim
1035 3066 1187 3131 hominem

22 3194 24 3223 p
93 3149 138 3212 die
156 3158 333 3219 v1.'creavit
354 3159 449 3233 Deus,
471 3155 524 3234 qui
545 3153 687 3233 deinceps
708 3155 741 3219 iu
765 3163 922 3234 peecatum
944 3153 1068 3228 incidit,
1091 3153 1135 3212 sic
1156 3162 1187 3215 et

22 3278 23 3307 ;
92 3237 241 3302 millenarii
264 3242 314 3302 die
332 3262 375 3305 vs.
395 3242 428 3301 in
449 3250 559 3301 terram
581 3239 681 3313 venit,
700 3239 849 3321 illumque
869 3239 987 3298 salsum
1008 3237 1091 3298 fecit.
1119 3237 1184 3298 Hoc

91 3323 164 3383 enim
183 3327 299 3388 indicat
311 3327 423 3388 :divina
450 3324 629 3404 Scriptura,
658 3324 730 3385 dum
752 3324 794 3385 ait
806 3367 816 3399 ‚
844 3323 911 3385 Das
930 3323 1043 3382 Daseai
1057 3327 1089 3380 ut
1112 3323 1185 3383 mille

91 3414 160 3468 aaut
202 3412 290 3487 Quae
312 3413 433 3493 quidem
455 3408 543 3470 etiam
565 3409 718 3485 Clemens,
740 3430 776 3476 ac
797 3405 1001 3487 Theophilus,
1022 3414 1053 3466 et
1074 3405 1182 3464 Timo-

84 3488 172 3553 theus
198 3498 328 3577 piissimi
352 3509 523 3578 temporum
554 3494 745 3572 indagatores
774 3512 922 3553 consensu
949 3489 1083 3551 unanimi
1109 3501 1231 3575 sunt„'

89 3574 288 3661 interpretati,
318 3595 405 3644 sexto
428 3582 545 3642 scilicet
566 3599 714 3640 annornm
735 3577 902 3641 millenario
924 3576 1096 3656 apparuisse
1120 3576 1181 3637 Do-

90 3661 210 3741 minum,
229 3668 318 3745 juxta
328 3690 370 3729 vr.
386 3669 502 3729 dierum
514 3682 667 3725 numerum
689 3663 877 3737 formationis
891 3661 1013 3734 Adami,
1034 3661 1180 3722 universis

90 3746 173 3809 salvis
187 3753 275 3814 sactis
289 3753 470 3815 hominibus.
491 3751 551 3812 atii
569 3760 668 3812 autem
684 3749 790 3810 dicunt
804 3748 919 3810 venisse
928 3749 1087 3809 Dominum
1100 3767 1180 3808 anno

90 3846 173 3892 tarn.
188 3837 241 3897 sed
256 3839 346 3919 pauci
358 3841 391 3901 in
403 3839 464 3899 hoc
482 3834 682 3910 consentiant,
699 3835 820 3911 inanno
831 3852 903 3896 vero
917 3853 958 3894 vs.
964 3854 998 3893 Μ.
1014 3852 1117 3892 omnes
1129 3838 1189 3892 ac·'
1215 3838 1218 3843 ’

90 3920 180 3979 anati
194 3923 363 4004 Scriptores
378 3924 576 3987 conveniunt:
589 3921 643 3982 sed
654 3941 717 3981 vox
730 3917 908 4001 prophetica
921 3918 1077 3981 veritatem
1090 3916 1181 3996 longa

89 4004 176 4082 magis
186 4009 309 4089 proban
319 4002 615 4092 quaesexmillesimo
629 4027 709 4067 anno
721 4007 908 4069 incarnatum
914 4004 1075 4067 Dominum
1081 4000 1180 4069 docet.

678 4198 713 4251 ,Ν

514 4268 722 4282 m
