2944 4896
438 326 639 400 cmaonscs
662 279 892 400 susurrus.
1149 310 1220 407 131

56 514 59 523 ¹
119 492 244 578 prorsus
265 505 497 559 consentaneam
516 498 655 560 omnibus
674 497 879 580 patefecimus.
921 498 1044 580 Quippe
1059 497 1225 583 Apostolus

121 582 160 642 ds
184 582 222 641 iis
250 583 403 660 scribens,
432 583 529 661 dixit,
557 585 682 646 Etante
701 604 750 645 nos
766 583 883 664 ssermst
901 588 933 646 s‘n
952 586 1075 647 Domino.
1117 586 1223 666 Neque

119 666 281 747 quisquam
295 668 472 731 incredibile
490 669 642 732 existimet
661 680 732 751 post
752 668 865 731 Christi
887 692 904 729 a
925 672 1053 731 mortuis
1073 673 1221 733 Resurre-

119 753 249 812 ctionem
275 758 439 815 conrersos
461 775 526 815 esse
548 758 736 836 septuaginta
751 755 940 838 Discipulos,
960 764 993 816 et
1012 757 1045 816 in
1066 776 1135 817 eum
1150 777 1223 818 cre—

118 832 246 914 didisse,
270 859 338 899 cnm
358 840 441 900 illius
463 862 480 899 a
501 843 630 901 mortuis
643 842 831 903 attenderent
842 841 1116 917 Resurrectionem,
1139 841 1222 922 quod

119 922 252 984 omnium
275 926 492 985 miraculorum
513 926 609 1007 majos
633 926 752 1002 extitit,
775 946 810 985 ao
830 946 938 989 revera
959 938 1013 988 est.
1041 927 1111 1006 lpse
1131 929 1223 1005 igitur

119 1000 244 1086 maignus
268 1011 411 1071 Pontifex
433 1006 604 1072 Dorotheus
630 1014 746 1092 scripto
766 1011 918 1091 reliquit,
946 1013 1146 1074 venerandam
1169 1017 1223 1074 ae'·

119 1094 186 1155 dem
207 1105 332 1156 sanctae
353 1105 384 1156 et
403 1095 534 1157 invictae
554 1098 696 1178 Martyris
716 1090 900 1178 Euphemiae
921 1098 953 1157 in
975 1097 1075 1158 Petrio
1097 1119 1115 1156 a
1137 1117 1223 1177 quo-

119 1180 186 1240 dam
208 1179 281 1240 Tito
309 1185 443 1262 primum
470 1182 564 1243 foisse
592 1183 761 1244 conditam:
805 1182 857 1269 qui
885 1182 1008 1262 quidem
1038 1183 1125 1243 Titus
1152 1203 1222 1242 cum

118 1265 256 1345 Byzantii
281 1276 359 1328 esset
379 1268 573 1348 Episcopus,
603 1268 635 1328 in
656 1286 752 1348 eaque
781 1268 857 1329 urbe
877 1268 1022 1348 martyrio
1044 1266 1138 1329 sitam
1159 1278 1224 1328 ter-

120 1351 280 1430 minasset,
307 1351 393 1431 juxta
415 1362 533 1413 veteres
559 1373 663 1414 muros
684 1352 839 1433 depositus
860 1362 924 1433 est,
956 1373 995 1413 ex
1013 1373 1075 1433 quo
1096 1356 1224 1435 Sanctus

119 1435 254 1498 Andreas
278 1437 443 1517 Apostolus
465 1437 505 1497 ad
525 1438 600 1499 haec
620 1440 687 1500 loca
708 1439 807 1518 venit,
836 1458 897 1518 quo
919 1448 1002 1499 tanta
1032 1437 1225 1499 Christiano-

119 1542 184 1585 rum
205 1523 373 1585 multitudo
395 1524 565 1600 confluxit,
593 1535 628 1584 ut
650 1535 696 1584 tot
717 1524 784 1584 aliie
812 1524 845 1584 in
863 1525 938 1585 locis
964 1521 1085 1585 minime
1106 1524 1225 1589 invasi

119 1618 232 1669 rentur.
279 1609 419 1669 Universi
442 1611 521 1670 enim
544 1611 680 1691 Byzantii
701 1609 862 1684 doctores,
886 1609 939 1689 qui
958 1609 1106 1671 hactenus
1128 1610 1225 1673 multa

119 1695 199 1774 passi
218 1694 358 1770 fuerant,
393 1695 560 1775 tyrannicis
580 1717 620 1756 ex
642 1697 773 1775 quadam
795 1694 886 1755 animi
908 1695 1152 1775 pusillanimitate
1174 1694 1225 1755 vi-

120 1779 186 1840 tatis
207 1779 316 1856 minis,
338 1780 393 1851 iis,
416 1781 468 1860 qni
490 1801 529 1842 ex
547 1781 710 1860 gentilibus
733 1782 833 1850 erant,
852 1780 905 1840 rel
927 1800 965 1839 en
980 1779 1118 1853 ludaeis,
1141 1780 1223 1841 disi·

120 1885 190 1924 num
212 1865 448 1926 disseminabant
471 1887 663 1942 sermonem,
697 1866 767 1926 Tito
787 1866 899 1924 interea
921 1865 1015 1924 mults
1036 1865 1143 1924 edente
1165 1864 1224 1924 mi·
1345 1897 1348 1904 ·

120 1950 242 2027 rocula,
275 1961 307 2012 et
335 1951 434 2030 qualia
461 1953 604 2013 Servator
631 1952 779 2013 ediderat.
831 1949 937 2009 Adhuc
974 1970 1068 2030 porro
1106 1948 1224 2028 vigente

48 2088 51 2093 .
120 2036 224 2096 Licinii
246 2046 278 2096 et
299 2037 477 2096 Diocletiani
497 2037 681 2118 tyrannide,
709 2036 802 2097 rebus
823 2036 864 2096 ita
887 2055 918 2095 se
939 2033 1143 2107 habentibus,
1169 2035 1225 2095 in-

121 2121 273 2183 terlicitur.
318 2123 358 2185 Et
379 2118 474 2182 Caius
503 2123 694 2203 imperator,
723 2123 848 2203 ejusque
877 2120 944 2180 filii'
959 2121 1020 2181 duo
1045 2121 1172 2180 Carinus
1193 2129 1225 2181 et

120 2206 318 2268 Numerianus
340 2208 461 2288 tyranni
482 2207 627 2288 deinceps
648 2208 765 2280 effecti,
788 2209 827 2265 ad
850 2205 1087 2267 Christianorum
1109 2205 1224 2286 suppli-
1336 2196 1341 2213 '

123 2292 166 2352 cia
186 2293 362 2374 prorniscue
381 2292 534 2374 progressi
555 2302 650 2369 sunt,
679 2312 718 2352 ex
738 2292 777 2350 iis
798 2310 894 2370 usque
916 2291 955 2349 ad
979 2292 1060 2351 mille
1082 2311 1138 2369 per
1158 2290 1226 2351 siu-

70 2412 73 2421 .
124 2378 204 2455 gulos
225 2379 292 2439 dies
313 2379 495 2439 interfectis:
518 2397 588 2438 cum
610 2377 720 2457 quibus
743 2375 889 2439 Adrianus
909 2377 999 2434 etiam
1021 2376 1112 2435 Probi
1131 2375 1223 2442 fitius,

123 2464 212 2524 morti
231 2484 296 2524 sese
318 2464 467 2546 exposuit.
498 2465 586 2524 .Gunr
609 2462 740 2522 enimin
762 2460 1034 2520 Nicomediensium
1058 2461 1133 2520 urbe
1154 2469 1227 2539 poet

124 2548 189 2609 uni
209 2571 316 2610 necem
336 2559 525 2625 versaretur,
547 2549 724 2628 videretque
739 2546 978 2607 Christianorum
1001 2545 1226 2633 multitudinem

124 2630 275 2696 sLicinio
296 2635 362 2695 sine
390 2637 455 2697 ulla
486 2636 607 2697 delectu
634 2634 807 2709 sublatam,
825 2632 984 2692 *accedens
1010 2632 1050 2692 ad
1078 2630 1225 2706 tribuual,

124 2718 164 2779 its
183 2718 265 2783 bunc
288 2730 334 2780 eet
355 2720 479 2782 affatum
503 2721 559 2782 Cur
569 2722 753 2782 &mnarum
770 2722 904 2778 normas
924 2721 967 2777 ito
989 2723 1082 2777 tersere
1096 2718 1227 2794 nmlcpce

126 2804 157 2863 de
180 2827 263 2867 causo
286 2808 472 2888 interficitur?
512 2807 586 2870 Ecce
610 2808 740 2886 pleraque
759 2805 942 2864 Rutenorum
963 2823 983 2862 a
1003 2804 1127 2862 berbms's
1148 2821 1226 2860 ornt-

123 2897 230 2968 punlut.
272 2894 351 2953 Tum
379 2892 512 2952 Licinius
541 2893 581 2953 ad
603 2884 787 2965 Adrianum,
817 2890 864 2950 An
882 2894 908 2949 d
929 2892 977 2964 tu,
1004 2888 1118 2968 inquit,
1146 2888 1227 2948 Clasi-
1292 2914 1295 2921 ¹

125 2979 227 3036 munes
246 2979 299 3039 a?
342 2977 398 3038 Cui
420 2978 587 3056 Adrianus,
610 2978 779 3051 Quinimmo,
807 2974 866 3051 ait,
895 2974 973 3052 lnge
989 2976 1083 3053 patius
1102 2972 1171 3032 nita·
1187 2977 1226 3031 cst

124 3065 155 3119 ut
167 3066 198 3123 s‘n
215 3064 268 3124 buc
289 3054 449 3144 confectioni
463 3068 580 3140 morior,
601 3084 682 3143 paon
697 3063 833 3123 cunnum
845 3079 945 3137 negsns.
987 3060 1122 3120 Licinius
1142 3059 1227 3117 mul·

125 3145 163 3206 sis
185 3150 340 3210 tormentis
361 3149 531 3227 intentatis,
552 3149 656 3209 multis
677 3148 767 3208 etiam
787 3140 1009 3205 adulationibus
1032 3155 1063 3205 et
1083 3141 1227 3204 adhorta·

124 3229 256 3295 tionibus
278 3234 388 3313 quibus
408 3234 581 3296 flecteretur
594 3279 617 3310 ,J
632 3232 798 3307 adhibitis,
832 3241 867 3290 ut
893 3229 927 3289 in
948 3228 1133 3289 Christianae
1153 3227 1226 3288 fidei

125 3317 310 3380 confessione
324 3329 512 3381 constantem
526 3318 676 3396 advertit,
694 3316 853 3378 iracundia
868 3334 903 3374 ac
919 3314 1020 3374 animo
1036 3322 1225 3388 exaestuans,

125 3397 204 3483 hpnc
225 3405 324 3467 securi
341 3405 462 3489 percuti
480 3404 579 3486 jussit.
623 3403 692 3478 Quo
719 3402 751 3462 in
780 3400 840 3460 hac
869 3394 1056 3460 confessione
1081 3396 1227 3472 extincto,

126 3484 335 3572 Metrophanes
358 3491 411 3572 qui
432 3511 533 3572 nuper
544 3484 710 3571 (Byzantii)
731 3487 949 3566 Episcopatum
963 3484 1087 3560 inierat,
1110 3500 1229 3542 aasum-

126 3572 184 3651 ptis
205 3577 367 3639 comitibus
390 3575 581 3652 Christianis,
602 3573 807 3635 Nicomediam
827 3570 927 3643 venit,
954 3570 1099 3648 clamque
1115 3566 1227 3628 subre-

126 3665 191 3736 psas
211 3660 335 3723 Adriani
351 3662 497 3744 ‘Martyris
517 3661 681 3740 reliquias,
702 3659 733 3718 in
756 3657 853 3739 prima
874 3655 911 3715 ab
934 3655 1009 3736 ipsis
1028 3652 1150 3715 condita
1162 3654 1227 3712 'Ec-

127 3741 231 3823 cleeia,
259 3769 336 3828 quae
357 3748 449 3810 modo
469 3747 618 3828 Byzantio
639 3745 779 3827 adjacet,
807 3742 877 3809 loco
900 3761 989 3820 quem
1014 3739 1226 3820 Argyropolim

127 3840 257 3909 vocant,
277 3834 434 3914 deposuit,
454 3833 507 3897 ubi
529 3843 560 3894 et
577 3832 686 3910 Titus,
712 3831 766 3910 qui
792 3827 907 3908 primus
929 3826 1031 3888 extitit
1051 3823 1227 3885 Constanti·-

128 3929 165 3973 uo
188 3914 270 3978 oleos
291 3916 487 4001 Episcopus,
514 3912 665 3994 Adriani,
698 3916 753 3997 qui
781 3913 846 3973 sub-
859 3911 1023 3980 Maximino
1043 3908 1225 3988 martyrium

84 4060 87 4065 .
128 3934 232 4079 audiit,
253 4004 396 4084 reliquias
418 4003 576 4085 deposuit,
592 4013 627 4063 ut
647 4011 678 4064 et
697 3998 831 4069 Natalise
852 3997 935 4058 illius
954 3996 1077 4069 uxoris,
1099 4013 1135 4053 ao
1148 4010 1225 4052 cas·
1263 3992 1266 3997 ’

80 4284 84 4293 a

128 4088 260 4149 tororum
280 4091 333 4169 qui
357 4109 426 4150 oum
447 4089 508 4149 illis
524 4090 628 4151 ‚sitam
655 4084 803 4166 martyrio
828 4078 997 4157 finieram,
1024 4079 1077 4140 ubi
1097 4074 1225 4158 periodo
1333 4150 1336 4162 ,

129 4184 162 4227 re
184 4171 291 4234 ositum
308 4185 386 4236 *erat
413 4175 543 4237 cadaver
566 4171 719 4255 Sts'obys,
754 4169 882 4229 uniuse
911 4167 1100 4246 septuaginta
1128 4160 1226 4220 Disci-

130 4190 230 4333 ὦ,
259 4279 349 4340 quem
380 4260 515 4357 Andreas
541 4260 705 4342 Apostolus
730 4255 837 4320 eodem
864 4253 897 4313 iu
919 4252 988 4312 loco
1009 4250 1141 4330 primum
1160 4245 1244 4325 bys
