2944 4896
401 328 614 397 ὈΗΒΟΝΙΟΙ
638 329 865 395 PASCHALIS.
1118 331 1188 402 121

28 542 30 561 .
85 495 226 556 omnium
244 494 456 571 terminorum,
478 515 555 574 quae
578 490 698 575 quidem
720 495 881 557 indiserte
902 516 937 554 ac
959 504 1063 575 aperte
1085 497 1193 575 expla-

85 582 189 657 navit,
224 580 274 640 uti
303 579 457 657 diximus,
485 583 520 643 ira
548 600 686 642 sermone
712 584 744 640 in
772 580 909 658 Pascha,
946 580 1034 663 cujus
1060 579 1190 659 initium,

84 668 190 742 Hodie,
206 665 332 744 frana,
351 666 384 725 ds
401 670 519 727 temate
537 667 696 741 melate,
718 676 776 728 etc.
1193 668 1197 673 ’

544 892 747 911 ...ια’-ἡ·-

487 1100 489 1103 ,
585 1088 707 1175 Vm,

28 1200 30 1208 ’
144 1257 216 1331 nn
248 1258 610 1361 sneronomm
633 1256 826 1333 nommr
849 1255 1133 1333 ntscnnns

401 1376 888 1493 commnumfflos

88 1527 288 1602 Dorothei
306 1530 491 1631 Episcopi
510 1530 616 1628 Tyri,
637 1531 711 1607 viri
729 1528 897 1631 antiqui,
917 1542 958 1604 et
971 1526 1191 1629 spiritualis,
1228 1536 1235 1553 ‘

90 1631 240 1732 quique
255 1634 486 1730 Martyrium
502 1658 638 1735 passus
658 1647 717 1710 est
729 1634 868 1709 Licinii
890 1645 930 1709 et
944 1631 1192 1710 Constantini

354 1740 648 1837 Imperatorum
674 1736 933 1845 temporibus.

172 1941 232 2002 Hic
254 1938 387 2024 inclytus
398 1944 571 2026 praedictus
587 1947 638 2007 vir
657 1949 808 2009 Romanos
830 1936 859 2005 et
881 1945 1013 2009 Graecos
1036 1960 1193 2003 commen-

90 2027 180 2087 tarios
209 2030 353 2109 reliquit:
386 2042 545 2111 utramque
580 2035 659 2093 enim
685 2034 816 2111 linguam
845 2033 1013 2109 multaeque
1040 2028 1192 2103 historias,

92 2122 207 2173 uteret
228 2116 376 2193 singulari
398 2138 433 2177 ac
455 2119 614 2181 excellenti
635 2119 776 2196 ingenio,
804 2117 940 2197 apprime
964 2115 1091 2176 calluit·
1121 2116 1194 2175 Post

92 2198 203 2258 obitum
222 2201 400 2266 Diocletiani
415 2213 444 2262 et
458 2204 579 2277 Licinii,
601 2202 641 2261 ad
663 2222 748 2261 suam
769 2204 922 2281 profectus
946 2211 992 2260 est
1013 2201 1193 2281 paroeciam,

91 2283 220 2363 'syrique
257 2287 424 2349 Ecclesiam
452 2288 532 2347 rexit
563 2304 661 2367 usque
689 2289 729 2346 ad
758 2288 868 2347 loliani
896 2288 1019 2366 tyranni
1048 2295 1193 2366 tempora.
1240 2294 1243 2299 ⁴

94 2368 200 2429 Verum
221 2390 294 2431 cum
316 2393 379 2432 uon
399 2373 522 2453 palam,
550 2373 604 2433 sed
625 2371 809 2433 Christianos
831 2372 909 2431 clam
930 2390 985 2452 per
1004 2390 1074 2429 auos
1094 2371 1193 2429 Prae-

93 2453 184 2514 fectos
204 2456 391 2517 interficeret
410 2459 562 2533 Julianus,
585 2474 705 2518 rursum
723 2457 874 2536 Odysaum
897 2455 1002 2517 urbem
1026 2456 1116 2529 venit,
1139 2455 1194 2514 ubi

94 2539 238 2601 aluliani
264 2543 427 2603 Praefectis
450 2541 706 2622 comprehensus,
735 2541 898 2621 multisque
920 2542 1055 2601 toleratis
1077 2561 1195 2621 oppro-

92 2624 182 2702 briis,
211 2628 245 2687 in
279 2637 412 2689 extrema
438 2639 602 2690 senectute·
624 2638 761 2709 propter
779 2627 903 2687 Christi*
919 2627 1133 2686 consessionem
1161 2626 1195 2685 in

93 2709 162 2789 ipsis
187 2715 350 2774 tormentis
375 2715 470 2777 vitam
499 2714 610 2788 exuit,
642 2732 711 2779 cum
741 2728 888 2783 annorum
916 2722 994 2773 esset
1020 2722 1142 2773 centum
1164 2720 1195 2772 et

94 2806 210 2875 septem:
259 2797 319 2857 llio
347 2799 440 2877 igitur
468 2814 591 2876 magnus
619 2816 711 2858 senex
737 2798 849 2878 scripta
871 2796 1081 2858 Etclesiaatica
1107 2796 1195 2858 nobis

94 2882 230 2962 reliquit,
262 2883 295 2942 in
318 2885 428 2965 quibus
451 2886 489 2945 tle
518 2884 704 2964 septuaginta
733 2884 822 2943 etiam
844 2882 1010 2944 Salvatoris
1033 2883 1195 2962 Discipulie

96 2965 251 3045 disseruit,
283 2978 314 3028 et
342 2970 395 3030 ubi
425 2972 633 3049 unusquisque
661 2966 894 3049 Prophetarum⁴
917 2978 948 3029 et
977 2970 1194 3049 Apostolorum

96 3052 183 3111 vitam
204 3052 295 3114 finiit.
339 3054 384 3114 Ac
403 3058 436 3117 in
457 3055 563 3137 primia
585 3056 773 3134 septuaginta
794 3053 864 3114 illos
885 3074 948 3115 esse
969 3054 1012 3113 ait
1023 3098 1033 3127 ‚
1066 3073 1194 3133 quorum

96 3137 180 3197 etiam
208 3138 382 3218 complures
408 3143 500 3202 variis
528 3139 561 3199 iu
584 3139 750 3219 provinciis
772 3139 915 3219 Episcopi
941 3139 1084 3215 extitere,
1112 3160 1193 3219 quo·

96 3240 160 3282 rum
181 3224 303 3283 divinus
326 3223 634 3305 meminiteipostolus
653 3225 686 3285 in
708 3225 770 3284 suis
791 3224 1029 3285 salutationibus.
1073 3225 1194 3305 Quippe

96 3317 163 3384 post
182 3310 352 3371 salvatoris
371 3315 468 3372 nostri
493 3326 542 3370 ex*
558 3309 686 3369 mortuis
704 3310 984 3389 Resurrectionem,
1011 3306 1069 3367 hos
1091 3329 1194 3369 omnes

99 3392 200 3453 missos
221 3395 316 3455 fuisse
328 3397 457 3474 indicat,
477 3405 507 3456 et
526 3395 605 3454 inter
619 3394 779 3472 Apostolos
797 3390 972 3454 numeratos
992 3392 1099 3471 fuisse,
1114 3413 1193 3474 quo-

98 3495 162 3537 rum
182 3480 305 3540 nomine
328 3481 411 3544 hisce
431 3481 531 3544 verbis
550 3488 694 3542 recenset
