2992 4894
509 308 822 386 rnnnrarro.
1173 312 1222 393 53
1370 216 1388 289 i

113 486 189 546 brae
217 483 304 543 brevi
331 481 482 542 interdum
506 481 698 543 annotatione
724 479 913 560 indicentur,
942 501 1003 562 quo
1025 482 1162 562 Lectori,
1195 484 1222 545 ai

114 571 190 631 tanti
205 569 266 629 sibi
281 568 378 630 visum
390 567 445 645 sit,
466 566 523 627 hos
539 566 696 629 consulere
709 566 807 628 liceat.

198 740 308 800 XLIII.
350 738 439 799 Hisce
455 738 547 816 igitur
567 739 598 799 in
619 747 807 801 antecessum
822 738 995 819 praemissis
1010 739 1048 800 de
1062 739 1385 822 scriptorisindlubae

111 825 264 885 Paschalia
286 823 426 884 Chronici
448 827 547 905 patria
567 825 617 884 vel
636 825 773 901 nomine,
802 845 877 903 quae
904 825 1024 903 quidem
1058 828 1219 888 etiamnum
1235 819 1360 873 011ῐοΰώ

110 910 229 972 ineerta
251 918 389 984 manent,
419 918 509 988 elque
532 909 606 969 adeo
631 909 669 970 de
695 931 728 970 ea
750 930 808 989 qua
831 909 862 967 in
889 910 979 969 rebus
999 913 1260 990 pertractandisv
1277 918 1313 978 34

111 997 211 1056 utitur
225 997 344 1056 ratione
356 995 405 1056 vel
418 993 577 1071 methodo,
599 1005 738 1074 superest
755 993 874 1074 utquid
889 997 921 1054 in
938 993 996 1054 beo
1011 994 1139 1055 editione
1153 999 1217 1058 lle-
1234 1024 1357 1079 Μῶα,

111 1081 157 1158 gia
175 1104 192 1140 a
207 1082 295 1142 nobis
310 1090 473 1158 utcumque
491 1081 669 1160 praestitum
687 1083 743 1156 sit,
765 1082 875 1139 Lector
894 1081 1000 1160 paucis
1014 1081 1372 1166 admoneaturpmestitum

111 1168 293 1249 I‘riuequam
306 1167 398 1244 igitur
410 1165 619 1226 illustrandum
633 1165 692 1226 hoc
707 1165 878 1225 Chronicon
897 1166 1141 1244 aggrederemur,
1162 1171 1217 1228 vi·-
1276 1164 1320 1219 tlt·

111 1272 177 1310 sum
197 1244 373 1332 est'operae
394 1251 621 1331 compendium,
651 1261 685 1311 ut
706 1253 883 1311 Vaticanum
902 1251 1057 1332 exemplar
1079 1250 1135 1332 (ex
1154 1273 1221 1331 quo-

111 1338 189 1397 iorte
204 1338 414 1416 Augustarum
433 1336 618 1417 exscriptum
638 1337 743 1412 fuerit,
770 1347 800 1396 et
820 1356 858 1396 ex
872 1357 907 1395 eo
925 1345 1052 1416 utraque
1067 1337 1215 1417 prodierit

111 1422 224 1495 editio)
253 1425 341 1483 velut
364 1421 569 1481 authenticum
595 1432 625 1482 et
644 1422 793 1500 singulare
820 1421 974 1500 exemplar
996 1422 1213 1484 consuleretur.

109 1504 182 1568 Cum
203 1528 280 1569 varo
305 1510 366 1567 nn.
388 1507 442 1566 ΡΡ.
464 1508 591 1567 loannes
611 1508 819 1583 Mabillonius,
847 1515 875 1565 et
898 1506 1026 1567 Michael
1046 1508 1214 1569 Germanus

108 1592 318 1669 Benedictini,
340 1593 399 1652 viri
413 1592 622 1671 eruditissimi,
642 1595 756 1655 Romae
777 1611 874 1671 nuper
885 1601 1096 1669 versarentur,
1119 1614 1211 1672 quoa

107 1677 185 1756 Rege
208 1677 461 1739 christianissimo
483 1678 757 1757 conquirendorum
776 1698 847 1739 cum
865 1677 1016 1737 editorum
1030 1687 1094 1736 tum
1107 1678 1213 1738 Manu·

108 1764 294 1845 scriptornm
312 1764 457 1823 Codicum
481 1766 575 1840 gratia
596 1764 679 1824 misai
691 1765 826 1838 fuerant,
849 1762 960 1839 'quibus
978 1762 1212 1841 locupletaretur

109 1848 251 1914 ditissima
270 1851 342 1910 alias
357 1848 447 1926 Regia
469 1849 672 1925 Bibliotheca,
691 1849 712 1907 ii
738 1868 797 1907 una
818 1866 886 1906 cum
901 1847 1026 1905 Claudio
1044 1846 1210 1927 Stephano-

108 1934 150 1993 tio
172 1935 307 2015 ejusdem
327 1933 462 2009 Ordinis,
485 1936 554 1993 viro
577 1935 703 2016 perinde
722 1931 911 2005 doctissimo,
933 1932 985 2011 qui
1007 1932 1119 1991 Romae
1137 1952 1218 1992 suaa<

109 2019 350 2099 Congregationis
367 2020 576 2080 Procuratoris
592 2020 748 2080 Generalis
768 2017 867 2078 officio
890 2017 1039 2094 fungitur,
1063 2027 1212 2097 quaeunt

109 2124 176 2181 erga
190 2127 245 2167 nos
260 2106 448 2165 humanitate
463 2116 492 2166 et
504 2105 730 2182 benevolentia,
752 2124 788 2163 ac
807 2104 838 2162 in
853 2102 988 2163 liberales
1002 2121 1103 2163 omnes
1120 2101 1210 2163 disci·

107 2189 205 2268 plinas
227 2190 445 2271 propensione,
468 2190 501 2248 id
524 2193 554 2250 in
575 2210 606 2250 sa
625 2192 708 2257 ultro
729 2189 827 2248 oneris
846 2208 997 2268 recepere.
1037 2188 1074 2246 ln
1091 2187 1209 2248 Vatica-

107 2294 177 2335 nam
198 2277 310 2358 qnippe
331 2273 550 2339 Bibliothecam
572 2274 656 2334 aditu
676 2274 734 2332 sibi
754 2272 936 2354 permissor
959 2272 1026 2331 viro
1051 2272 1218 2350 singularis

107 2361 228 2440 pariter*
247 2360 425 2422 eruditionis
447 2361 608 2420 Emanuele
633 2357 833 2419 schelestrato
854 2359 883 2416 S.
903 2356 937 2417 Τ.
957 2356 992 2413 Ι).
1015 2357 1209 2435 ejusdemque

107 2444 305 2509 Bibliothecae
323 2445 496 2521 Praefecto,
518 2445 656 2504 codicem
675 2444 850 2524 inspexere,
878 2438 1101 2502 membraneum
1120 2441 1247 2501 illuml’
1263 2447 1322 2509 88,

108 2551 141 2590 ac
160 2544 246 2593 notae
273 2534 418 2611 optimae,
448 2540 479 2591 et
507 2531 544 2591 ab
565 2531 650 2590 annis
671 2536 909 2607 necsquantum
931 2525 1082 2606 conjicere
1108 2525 1213 2602 licuit,
1256 2542 1258 2547 ’

107 2618 264 2698 scriptume
287 2617 391 2679 eodem
406 2614 513 2691 titulo,
535 2614 635 2695 quoad
657 2614 844 2689 Chroniron,
866 2622 896 2672 et
915 2629 982 2671 cum
1001 2610 1108 2670 iisdem
1124 2611 1208 2670 lacu-

106 2701 150 2760 nis
168 2705 278 2783 quibus
298 2702 477 2783 deturpatur
496 2702 663 2762 Raderiana
687 2700 796 2774 editio,
822 2699 863 2758 ita
884 2706 920 2756 ut
939 2694 1077 2755 dubitare
1092 2716 1154 2754 non
1169 2696 1208 2755 li-

107 2797 185 2864 ceat,
212 2791 236 2850 si
259 2798 319 2849 n'on
339 2809 377 2848 ex
398 2808 452 2863 eo,
481 2788 585 2849 saltem
605 2806 645 2846 ex
670 2785 762 2845 simili
775 2783 885 2843 Codice
907 2780 1090 2859 exscriptum
1113 2780 1206 2842 luisse

106 2869 306 2950 Augustanum
326 2873 486 2952 exemplar.
535 2872 624 2931 Initio
645 2880 744 2930 autem
766 2868 898 2952 ejusdem
917 2865 1038 2925 Codicis
1057 2865 1205 2942 Vaticani,

107 2958 156 3035 qui
176 2980 303 3021 numero
325 2967 448 3018 notatur
466 2978 646 3018 nnccccxur.
666 2954 777 3014 haecce
799 2956 941 3032 leguntur
956 2950 1063 3010 verbe:
1086 2956 1203 3013 Messa·

106 3060 293 3126 noeempsum
308 3067 328 3104 n
345 3040 470 3123 Georgia
487 3039 551 3104 GP!
564 3063 606 3101 vr.
622 3038 674 3101 ΚΖ.
697 3037 803 3103 Ornoi.
819 3059 907 3098 muer.
951 3035 1097 3114 Quisquis
1109 3055 1207 3116 porro
1229 3088 1231 3093 .

106 3125 245 3207 Georgius
265 3131 322 3189 isto
339 3129 447 3204 fuerit,
476 3128 642 3187 invidetur
663 3147 701 3186 ex
726 3146 787 3204 quo
808 3123 916 3183 deinde
935 3129 1125 3200 comparatus
1145 3119 1204 3180 suit

105 3211 199 3273 codex
218 3217 257 3275 ab
275 3215 455 3292 Hieronymo
478 3213 594 3282 Surita,
621 3211 674 3290 qui
693 3209 903 3290 postmodum,
926 3215 1050 3266 curante
1071 3205 1205 3264 Antonio

104 3294 280 3377 Augustino,
304 3301 335 3359 in
350 3299 522 3357 Vaticanum
546 3294 762 3356 bibliothecam
783 3294 885 3353 illatus
903 3293 968 3352 suit.
1011 3291 1045 3349 ln
1060 3289 1112 3348 illo
1128 3308 1205 3348 nero

105 3381 209 3445 Codice
223 3384 429 3466 praefiguntur
442 3385 538 3442 instar
553 3380 762 3461 praefationis,
785 3380 829 3438 uti
840 3378 901 3458 jam
919 3385 1006 3435 antea
1021 3373 1200 3449 monuimus,

106 3480 240 3550 excerpta
259 3470 404 3550 quaedam
420 3469 457 3527 de
472 3466 613 3527 Paschate
635 3485 675 3525 ex
692 3465 806 3541 aliquot
828 3464 879 3523 SS.
897 3458 1052 3533 Patribus,
1071 3477 1201 3536 quorum

104 3553 213 3630 primm
234 3555 377 3614 laudatur
396 3555 500 3614 Petrus
514 3552 714 3612 Alexandriae
729 3548 897 3627 Episcopus
918 3556 948 3606 et
962 3546 1092 3622 Martyr,
1113 3541 1200 3621 cujus

104 3633 169 3698 ideo
191 3642 311 3700 nomine
339 3639 455 3719 prodiit
479 3638 571 3698 editio
596 3635 779 3709 Raderiana,
810 3630 892 3712 quod
918 3631 970 3710 qui
992 3629 1201 3705 Augustarum

26 3792 28 3811 Ι
105 3726 253 3807 exemplar
267 3725 486 3805 descripserat,
509 3724 574 3783 solo
591 3722 738 3782 duntaxat
760 3717 893 3799 ejusdem
910 3716 989 3776 Petri
1004 3711 1199 3773 Alexandrini

26 3864 28 3869 .
105 3809 217 3869 nomine
237 3810 403 3890 inscripto,
426 3817 543 3869 caetera
564 3806 696 3889 ejusdem
719 3802 916 3863 Praefationis
939 3798 1088 3874 omiserit,
1112 3815 1199 3875 prae·

103 3897 147 3950 ter
160 3900 305 3957 extremm
319 3904 449 3975 quatuor
463 3893 574 3973 lineas,
594 3911 673 3974 quae
688 3890 785 3951 eidem
800 3886 925 3968 editioni
940 3883 1155 3966 praefiguntur.

180 4063 285 4126 XLIV.
326 4063 362 4124 In
384 4085 419 4125 ea
431 4063 636 4138 Praefatione,
656 4068 727 4141 post
746 4059 850 4118 allatas
866 4057 986 4116 Patrum
1000 4054 1038 4115 de
1051 4014 1361 4113 Paschatalteluetoris

101 4150 288 4215 auctoritates
297 4192 306 4224 ,
327 4150 383 4208 alia
399 4169 437 4208 ex
452 4169 507 4208 suo
522 4169 603 4228 penu
615 4156 721 4206 auctor
737 4144 851 4224 promit
865 4142 902 4201 de
916 4140 1020 4201 eodem
1038 4156 1179 4215 argumen
1201 4193 1223 4246 P
1313 4193 1320 4208 ,

104 4235 149 4303 to,
177 4233 307 4312 ubique
329 4234 445 4294 ratione
474 4230 673 4310 investigandi
694 4229 819 4307 cingulis
842 4226 927 4286 annia
945 4223 1096 4285 Pascbalis
1116 4219 1197 4317 Festi
1224 4195 1352 4316 ¹²22&

104 4308 164 4374 ὥθ’
180 4318 318 4398 pluribus
335 4318 493 4400 ditquirit,
514 4327 550 4378 ut
567 4318 648 4379 etde
662 4317 758 4397 cyclis
777 4308 1042 4375 decemnovennali
1058 4315 1088 4366 et
1102 4307 1198 4383 vigan-

1180 4170 1194 4181 .
1212 4123 1334 4177 Chronici
1387 4125 1389 4129 ’

1408 590 1412 611 ’
1463 628 1469 675 t
