<?xml version="1.0" encoding="UTF-8"?>
<!DOCTYPE html PUBLIC "-//W3C//DTD XHTML 1.0 Transitional//EN"
    "http://www.w3.org/TR/xhtml1/DTD/xhtml1-transitional.dtd">
<html xmlns="http://www.w3.org/1999/xhtml" xml:lang="en" lang="en">
 <head>
  <title>
</title>
<meta http-equiv="Content-Type" content="text/html;charset=utf-8" />
  <meta name='ocr-system' content='tesseract 3.04.00' />
  <meta name='ocr-capabilities' content='ocr_page ocr_carea ocr_par ocr_line ocrx_word'/>
</head>
<body>
  <div class='ocr_page' id='page_1' title='image "./chroniconpascha00unkngoog_0161.png"; bbox 0 0 2944 4896; ppageno 0'>
   <div class='ocr_carea' id='block_1_1' title="bbox 468 331 1243 406">
    <p class='ocr_par' dir='ltr' id='par_1_1' title="bbox 468 331 1243 406">
     <span class='ocr_line' id='line_1_1' title="bbox 468 331 1243 406; baseline 0.006 -7"><span class='ocrx_word' id='word_1_1' title='bbox 468 332 669 401; x_wconf 82' lang='lat' dir='ltr'><strong>GHRONIGI</strong></span> <span class='ocrx_word' id='word_1_2' title='bbox 692 331 919 398; x_wconf 78' lang='lat' dir='ltr'><strong>PASCHALIS.</strong></span> <span class='ocrx_word' id='word_1_3' title='bbox 1172 335 1243 406; x_wconf 81' lang='lat'>121</span> 
     </span>
    </p>
   </div>
   <div class='ocr_carea' id='block_1_2' title="bbox 142 490 1250 748">
    <p class='ocr_par' dir='ltr' id='par_1_2' title="bbox 142 490 1250 748">
     <span class='ocr_line' id='line_1_2' title="bbox 144 490 1247 579; baseline -0.001 -18"><span class='ocrx_word' id='word_1_4' title='bbox 144 501 279 561; x_wconf 85' lang='lat' dir='ltr'>omnium</span> <span class='ocrx_word' id='word_1_5' title='bbox 297 498 509 574; x_wconf 86' lang='lat' dir='ltr'>terminorum,</span> <span class='ocrx_word' id='word_1_6' title='bbox 532 520 609 579; x_wconf 84' lang='lat' dir='ltr'>qnae</span> <span class='ocrx_word' id='word_1_7' title='bbox 632 490 753 579; x_wconf 76' lang='lat' dir='ltr'>quidem</span> <span class='ocrx_word' id='word_1_8' title='bbox 774 500 802 558; x_wconf 84' lang='lat' dir='ltr'>is</span> <span class='ocrx_word' id='word_1_9' title='bbox 820 499 935 561; x_wconf 79' lang='lat' dir='ltr'>diserte</span> <span class='ocrx_word' id='word_1_10' title='bbox 956 520 991 558; x_wconf 88' lang='lat' dir='ltr'>ac</span> <span class='ocrx_word' id='word_1_11' title='bbox 1013 508 1117 578; x_wconf 87' lang='lat' dir='ltr'>aperte</span> <span class='ocrx_word' id='word_1_12' title='bbox 1139 500 1247 579; x_wconf 83' lang='lat' dir='ltr'>explu-</span> 
     </span>
     <span class='ocr_line' id='line_1_3' title="bbox 143 583 1244 667; baseline -0.002 -20"><span class='ocrx_word' id='word_1_13' title='bbox 143 586 244 661; x_wconf 85' lang='lat' dir='ltr'>uavit,</span> <span class='ocrx_word' id='word_1_14' title='bbox 277 584 328 643; x_wconf 90' lang='lat' dir='ltr'>uti</span> <span class='ocrx_word' id='word_1_15' title='bbox 357 583 511 662; x_wconf 75' lang='lat' dir='ltr'><strong>diximus,</strong></span> <span class='ocrx_word' id='word_1_16' title='bbox 539 587 574 647; x_wconf 89' lang='lat' dir='ltr'>in</span> <span class='ocrx_word' id='word_1_17' title='bbox 601 605 740 645; x_wconf 87' lang='lat' dir='ltr'>sermons</span> <span class='ocrx_word' id='word_1_18' title='bbox 766 588 798 644; x_wconf 81' lang='lat' dir='ltr'>iu</span> <span class='ocrx_word' id='word_1_19' title='bbox 826 584 963 661; x_wconf 86' lang='lat' dir='ltr'>Pascha,</span> <span class='ocrx_word' id='word_1_20' title='bbox 1000 584 1088 667; x_wconf 84' lang='lat' dir='ltr'>cujus</span> <span class='ocrx_word' id='word_1_21' title='bbox 1114 583 1244 663; x_wconf 73' lang='lat' dir='ltr'>initium,</span> 
     </span>
     <span class='ocr_line' id='line_1_4' title="bbox 142 669 1250 748; baseline -0.003 -16"><span class='ocrx_word' id='word_1_22' title='bbox 142 672 245 746; x_wconf 77' lang='lat' dir='ltr'>Hodie,</span> <span class='ocrx_word' id='word_1_23' title='bbox 261 669 385 748; x_wconf 78' lang='lat' dir='ltr'>fratres,</span> <span class='ocrx_word' id='word_1_24' title='bbox 405 670 437 730; x_wconf 82' lang='lat' dir='ltr'>de</span> <span class='ocrx_word' id='word_1_25' title='bbox 455 674 573 731; x_wconf 59' lang='lat' dir='ltr'>tamiri</span> <span class='ocrx_word' id='word_1_26' title='bbox 591 671 750 745; x_wconf 69' lang='grc' dir='ltr'><strong><em>Ρωσήαίὺ,</em></strong></span> <span class='ocrx_word' id='word_1_27' title='bbox 772 680 830 731; x_wconf 86' lang='lat' dir='ltr'>etc.</span> <span class='ocrx_word' id='word_1_28' title='bbox 1248 672 1250 677; x_wconf 79' lang='grc'>’</span> 
     </span>
    </p>
   </div>
   <div class='ocr_carea' id='block_1_3' title="bbox 598 896 797 913">
    <p class='ocr_par' dir='ltr' id='par_1_3' title="bbox 598 896 797 913">
     <span class='ocr_line' id='line_1_5' title="bbox 598 896 797 913; baseline 0 0"><span class='ocrx_word' id='word_1_29' title='bbox 598 896 797 913; x_wconf 44' lang='grc' dir='ltr'>..ἀνιῇ-ἡ*-</span> 
     </span>
    </p>
   </div>
   <div class='ocr_carea' id='block_1_4' title="bbox 201 1092 1186 1497">
    <p class='ocr_par' dir='ltr' id='par_1_4' title="bbox 201 1092 1186 1497">
     <span class='ocr_line' id='line_1_6' title="bbox 541 1092 756 1180; baseline -0.009 0"><span class='ocrx_word' id='word_1_30' title='bbox 541 1104 543 1107; x_wconf 82' lang='grc'><strong>’</strong></span> <span class='ocrx_word' id='word_1_31' title='bbox 639 1092 756 1180; x_wconf 88' lang='lat' dir='ltr'><strong>VIII.</strong></span> 
     </span>
     <span class='ocr_line' id='line_1_7' title="bbox 201 1259 1186 1365; baseline -0.001 -30"><span class='ocrx_word' id='word_1_32' title='bbox 201 1261 272 1336; x_wconf 70' lang='grc' dir='ltr'>ΒΕ</span> <span class='ocrx_word' id='word_1_33' title='bbox 303 1262 664 1365; x_wconf 76' lang='lat' dir='ltr'>surrusomra</span> <span class='ocrx_word' id='word_1_34' title='bbox 687 1260 880 1337; x_wconf 83' lang='lat' dir='ltr'>nommr</span> <span class='ocrx_word' id='word_1_35' title='bbox 903 1259 1186 1337; x_wconf 80' lang='lat' dir='ltr'>orscnmrs</span> 
     </span>
     <span class='ocr_line' id='line_1_8' title="bbox 455 1382 942 1497; baseline -0.006 -37"><span class='ocrx_word' id='word_1_36' title='bbox 455 1382 942 1497; x_wconf 74' lang='lat' dir='ltr'>comnsnraurus</span> 
     </span>
    </p>
   </div>
   <div class='ocr_carea' id='block_1_5' title="bbox 142 1530 1342 1847">
    <p class='ocr_par' dir='ltr' id='par_1_5' title="bbox 142 1530 1342 1847">
     <span class='ocr_line' id='line_1_9' title="bbox 142 1530 1342 1635; baseline -0.002 -28"><span class='ocrx_word' id='word_1_37' title='bbox 142 1531 342 1607; x_wconf 80' lang='lat' dir='ltr'>Dorothei</span> <span class='ocrx_word' id='word_1_38' title='bbox 360 1534 545 1635; x_wconf 85' lang='lat' dir='ltr'>Episcopi</span> <span class='ocrx_word' id='word_1_39' title='bbox 564 1535 671 1632; x_wconf 90' lang='lat' dir='ltr'>Tyri,</span> <span class='ocrx_word' id='word_1_40' title='bbox 691 1535 765 1610; x_wconf 90' lang='lat' dir='ltr'>viri</span> <span class='ocrx_word' id='word_1_41' title='bbox 783 1534 951 1634; x_wconf 81' lang='lat' dir='ltr'>antiqui,</span> <span class='ocrx_word' id='word_1_42' title='bbox 972 1546 1012 1608; x_wconf 93' lang='lat' dir='ltr'>et</span> <span class='ocrx_word' id='word_1_43' title='bbox 1025 1530 1245 1633; x_wconf 74' lang='lat' dir='ltr'>spiritualia,</span> <span class='ocrx_word' id='word_1_44' title='bbox 1283 1540 1289 1557; x_wconf 91' lang='lat'>&#39;</span> <span class='ocrx_word' id='word_1_45' title='bbox 1340 1622 1342 1629; x_wconf 15' lang='grc' dir='ltr'><strong><em>Α</em></strong></span> 
     </span>
     <span class='ocr_line' id='line_1_10' title="bbox 145 1634 1246 1739; baseline 0.001 -30"><span class='ocrx_word' id='word_1_46' title='bbox 145 1636 296 1736; x_wconf 88' lang='lat' dir='ltr'>quique</span> <span class='ocrx_word' id='word_1_47' title='bbox 310 1638 540 1734; x_wconf 81' lang='lat' dir='ltr'>Martyrium</span> <span class='ocrx_word' id='word_1_48' title='bbox 556 1662 693 1739; x_wconf 80' lang='lat' dir='ltr'>passus</span> <span class='ocrx_word' id='word_1_49' title='bbox 712 1651 771 1714; x_wconf 90' lang='lat' dir='ltr'>est</span> <span class='ocrx_word' id='word_1_50' title='bbox 784 1639 922 1713; x_wconf 92' lang='lat' dir='ltr'>Licinii</span> <span class='ocrx_word' id='word_1_51' title='bbox 945 1649 984 1712; x_wconf 91' lang='lat' dir='ltr'>et</span> <span class='ocrx_word' id='word_1_52' title='bbox 998 1634 1246 1714; x_wconf 66' lang='lat' dir='ltr'>Constantini</span> 
     </span>
     <span class='ocr_line' id='line_1_11' title="bbox 408 1740 988 1847; baseline 0 -30"><span class='ocrx_word' id='word_1_53' title='bbox 408 1745 702 1842; x_wconf 83' lang='lat' dir='ltr'>Imperatorum</span> <span class='ocrx_word' id='word_1_54' title='bbox 728 1740 988 1847; x_wconf 79' lang='lat' dir='ltr'>temporibus.</span> 
     </span>
    </p>
   </div>
   <div class='ocr_carea' id='block_1_6' title="bbox 142 1946 1297 3549">
    <p class='ocr_par' dir='ltr' id='par_1_6' title="bbox 142 1946 1297 3549">
     <span class='ocr_line' id='line_1_12' title="bbox 229 1946 1248 2031; baseline 0 -26"><span class='ocrx_word' id='word_1_55' title='bbox 229 1946 290 2006; x_wconf 89' lang='lat' dir='ltr'>Hic</span> <span class='ocrx_word' id='word_1_56' title='bbox 309 1949 440 2028; x_wconf 81' lang='lat' dir='ltr'>inclytus</span> <span class='ocrx_word' id='word_1_57' title='bbox 452 1948 626 2031; x_wconf 84' lang='lat' dir='ltr'>praedictus</span> <span class='ocrx_word' id='word_1_58' title='bbox 641 1951 692 2011; x_wconf 84' lang='lat' dir='ltr'>vir</span> <span class='ocrx_word' id='word_1_59' title='bbox 711 1953 862 2011; x_wconf 78' lang='lat' dir='ltr'>Romanos</span> <span class='ocrx_word' id='word_1_60' title='bbox 884 1960 913 2009; x_wconf 91' lang='lat' dir='ltr'>et</span> <span class='ocrx_word' id='word_1_61' title='bbox 935 1949 1067 2011; x_wconf 78' lang='lat' dir='ltr'>Graecos</span> <span class='ocrx_word' id='word_1_62' title='bbox 1089 1964 1248 2007; x_wconf 87' lang='lat' dir='ltr'>commen-</span> 
     </span>
     <span class='ocr_line' id='line_1_13' title="bbox 142 2033 1246 2116; baseline -0.001 -24"><span class='ocrx_word' id='word_1_63' title='bbox 142 2033 238 2093; x_wconf 82' lang='lat' dir='ltr'>tarios</span> <span class='ocrx_word' id='word_1_64' title='bbox 268 2034 407 2113; x_wconf 82' lang='lat' dir='ltr'>reIIquit:</span> <span class='ocrx_word' id='word_1_65' title='bbox 440 2046 600 2116; x_wconf 87' lang='lat' dir='ltr'>utramque</span> <span class='ocrx_word' id='word_1_66' title='bbox 634 2039 714 2097; x_wconf 90' lang='lat' dir='ltr'>enim</span> <span class='ocrx_word' id='word_1_67' title='bbox 739 2039 870 2115; x_wconf 84' lang='lat' dir='ltr'>linguans</span> <span class='ocrx_word' id='word_1_68' title='bbox 899 2036 1067 2113; x_wconf 84' lang='lat' dir='ltr'>multasque</span> <span class='ocrx_word' id='word_1_69' title='bbox 1095 2033 1246 2107; x_wconf 80' lang='lat' dir='ltr'>historias,</span> 
     </span>
     <span class='ocr_line' id='line_1_14' title="bbox 143 2120 1248 2202; baseline -0.001 -23"><span class='ocrx_word' id='word_1_70' title='bbox 143 2127 179 2179; x_wconf 87' lang='lat' dir='ltr'>ut</span> <span class='ocrx_word' id='word_1_71' title='bbox 200 2127 266 2179; x_wconf 86' lang='lat' dir='ltr'>erat</span> <span class='ocrx_word' id='word_1_72' title='bbox 287 2120 430 2197; x_wconf 76' lang='lat' dir='ltr'>singulari</span> <span class='ocrx_word' id='word_1_73' title='bbox 452 2143 487 2180; x_wconf 84' lang='lat' dir='ltr'>ac</span> <span class='ocrx_word' id='word_1_74' title='bbox 509 2124 669 2185; x_wconf 83' lang='lat' dir='ltr'>excellenti</span> <span class='ocrx_word' id='word_1_75' title='bbox 689 2123 831 2200; x_wconf 84' lang='lat' dir='ltr'>ingenio,</span> <span class='ocrx_word' id='word_1_76' title='bbox 859 2122 994 2202; x_wconf 83' lang='lat' dir='ltr'>apprime</span> <span class='ocrx_word' id='word_1_77' title='bbox 1018 2120 1146 2179; x_wconf 78' lang='lat' dir='ltr'>calluit·</span> <span class='ocrx_word' id='word_1_78' title='bbox 1175 2120 1248 2178; x_wconf 81' lang='lat' dir='ltr'>Post</span> 
     </span>
     <span class='ocr_line' id='line_1_15' title="bbox 144 2204 1247 2285; baseline 0 -23"><span class='ocrx_word' id='word_1_79' title='bbox 144 2204 262 2263; x_wconf 89' lang='lat' dir='ltr'>obitum</span> <span class='ocrx_word' id='word_1_80' title='bbox 280 2205 454 2266; x_wconf 76' lang='lat' dir='ltr'>Diocletiani</span> <span class='ocrx_word' id='word_1_81' title='bbox 469 2217 498 2266; x_wconf 90' lang='lat' dir='ltr'>et</span> <span class='ocrx_word' id='word_1_82' title='bbox 512 2208 633 2282; x_wconf 85' lang='lat' dir='ltr'>Licinii,</span> <span class='ocrx_word' id='word_1_83' title='bbox 656 2209 695 2265; x_wconf 88' lang='lat' dir='ltr'>ad</span> <span class='ocrx_word' id='word_1_84' title='bbox 717 2224 802 2266; x_wconf 81' lang='lat' dir='ltr'>suam</span> <span class='ocrx_word' id='word_1_85' title='bbox 823 2207 977 2285; x_wconf 83' lang='lat' dir='ltr'>profectus</span> <span class='ocrx_word' id='word_1_86' title='bbox 1001 2215 1047 2264; x_wconf 84' lang='lat' dir='ltr'>est</span> <span class='ocrx_word' id='word_1_87' title='bbox 1066 2206 1247 2284; x_wconf 85' lang='lat' dir='ltr'>paroeciam,</span> 
     </span>
     <span class='ocr_line' id='line_1_16' title="bbox 144 2290 1297 2370; baseline 0 -22"><span class='ocrx_word' id='word_1_88' title='bbox 144 2290 279 2368; x_wconf 77' lang='lat' dir='ltr'>&#39;syrique</span> <span class='ocrx_word' id='word_1_89' title='bbox 312 2292 478 2369; x_wconf 80' lang='lat' dir='ltr'>Ecclesiam</span> <span class='ocrx_word' id='word_1_90' title='bbox 506 2292 586 2352; x_wconf 87' lang='lat' dir='ltr'>rexit</span> <span class='ocrx_word' id='word_1_91' title='bbox 618 2308 715 2370; x_wconf 83' lang='lat' dir='ltr'>usque</span> <span class='ocrx_word' id='word_1_92' title='bbox 744 2292 783 2350; x_wconf 86' lang='lat' dir='ltr'>ad</span> <span class='ocrx_word' id='word_1_93' title='bbox 812 2292 922 2350; x_wconf 83' lang='lat' dir='ltr'>Iuliani</span> <span class='ocrx_word' id='word_1_94' title='bbox 951 2292 1073 2370; x_wconf 77' lang='lat' dir='ltr'>tyranni</span> <span class='ocrx_word' id='word_1_95' title='bbox 1103 2300 1247 2370; x_wconf 76' lang='lat' dir='ltr'>tempora.</span> <span class='ocrx_word' id='word_1_96' title='bbox 1295 2298 1297 2301; x_wconf 83' lang='lat'>&#39;</span> 
     </span>
     <span class='ocr_line' id='line_1_17' title="bbox 146 2375 1247 2457; baseline -0.001 -23"><span class='ocrx_word' id='word_1_97' title='bbox 146 2375 258 2434; x_wconf 61' lang='lat' dir='ltr'>Verum</span> <span class='ocrx_word' id='word_1_98' title='bbox 280 2395 348 2435; x_wconf 83' lang='lat' dir='ltr'>curn</span> <span class='ocrx_word' id='word_1_99' title='bbox 370 2397 433 2436; x_wconf 86' lang='lat' dir='ltr'>non</span> <span class='ocrx_word' id='word_1_100' title='bbox 453 2378 576 2457; x_wconf 86' lang='lat' dir='ltr'>palam,</span> <span class='ocrx_word' id='word_1_101' title='bbox 604 2377 658 2437; x_wconf 90' lang='lat' dir='ltr'>ssd</span> <span class='ocrx_word' id='word_1_102' title='bbox 679 2375 863 2436; x_wconf 71' lang='lat' dir='ltr'>Christianos</span> <span class='ocrx_word' id='word_1_103' title='bbox 885 2377 962 2436; x_wconf 87' lang='lat' dir='ltr'>clam</span> <span class='ocrx_word' id='word_1_104' title='bbox 984 2392 1040 2456; x_wconf 87' lang='lat' dir='ltr'>per</span> <span class='ocrx_word' id='word_1_105' title='bbox 1059 2394 1128 2433; x_wconf 84' lang='lat' dir='ltr'>suos</span> <span class='ocrx_word' id='word_1_106' title='bbox 1149 2376 1247 2433; x_wconf 88' lang='lat' dir='ltr'>Prae-</span> 
     </span>
     <span class='ocr_line' id='line_1_18' title="bbox 145 2459 1248 2540; baseline -0.003 -20"><span class='ocrx_word' id='word_1_107' title='bbox 145 2461 242 2520; x_wconf 81' lang='lat' dir='ltr'>fectos</span> <span class='ocrx_word' id='word_1_108' title='bbox 263 2460 444 2522; x_wconf 88' lang='lat' dir='ltr'>interficeret</span> <span class='ocrx_word' id='word_1_109' title='bbox 465 2463 616 2537; x_wconf 74' lang='lat' dir='ltr'>Iulianae,</span> <span class='ocrx_word' id='word_1_110' title='bbox 639 2478 760 2522; x_wconf 82' lang='lat' dir='ltr'>rursum</span> <span class='ocrx_word' id='word_1_111' title='bbox 777 2462 928 2540; x_wconf 82' lang='lat' dir='ltr'>Odysaum</span> <span class='ocrx_word' id='word_1_112' title='bbox 952 2459 1057 2521; x_wconf 89' lang='lat' dir='ltr'>urbem</span> <span class='ocrx_word' id='word_1_113' title='bbox 1079 2460 1171 2534; x_wconf 80' lang='lat' dir='ltr'>venit,</span> <span class='ocrx_word' id='word_1_114' title='bbox 1193 2459 1248 2518; x_wconf 88' lang='lat' dir='ltr'>ubi</span> 
     </span>
     <span class='ocr_line' id='line_1_19' title="bbox 146 2545 1249 2627; baseline 0.001 -23"><span class='ocrx_word' id='word_1_115' title='bbox 146 2545 296 2605; x_wconf 81' lang='lat' dir='ltr'>aluliani</span> <span class='ocrx_word' id='word_1_116' title='bbox 318 2548 481 2608; x_wconf 79' lang='lat' dir='ltr'>Praefectis</span> <span class='ocrx_word' id='word_1_117' title='bbox 504 2546 760 2627; x_wconf 87' lang='lat' dir='ltr'>comprehensus,</span> <span class='ocrx_word' id='word_1_118' title='bbox 790 2546 953 2626; x_wconf 72' lang='lat' dir='ltr'>multisque</span> <span class='ocrx_word' id='word_1_119' title='bbox 974 2546 1109 2605; x_wconf 85' lang='lat' dir='ltr'>toleratis</span> <span class='ocrx_word' id='word_1_120' title='bbox 1131 2564 1249 2625; x_wconf 88' lang='lat' dir='ltr'>oppro-</span> 
     </span>
     <span class='ocr_line' id='line_1_20' title="bbox 145 2630 1249 2714; baseline -0.001 -23"><span class='ocrx_word' id='word_1_121' title='bbox 145 2631 241 2707; x_wconf 79' lang='lat' dir='ltr'>briis,</span> <span class='ocrx_word' id='word_1_122' title='bbox 270 2631 302 2690; x_wconf 90' lang='lat' dir='ltr'>in</span> <span class='ocrx_word' id='word_1_123' title='bbox 334 2642 466 2693; x_wconf 86' lang='lat' dir='ltr'>extrema</span> <span class='ocrx_word' id='word_1_124' title='bbox 493 2643 655 2695; x_wconf 89' lang='lat' dir='ltr'>senectute·</span> <span class='ocrx_word' id='word_1_125' title='bbox 677 2642 815 2714; x_wconf 73' lang='lat' dir='ltr'>propterv</span> <span class='ocrx_word' id='word_1_126' title='bbox 833 2632 957 2695; x_wconf 81' lang='lat' dir='ltr'>christi·</span> <span class='ocrx_word' id='word_1_127' title='bbox 973 2630 1187 2691; x_wconf 66' lang='lat' dir='ltr'>conlationem</span> <span class='ocrx_word' id='word_1_128' title='bbox 1215 2630 1249 2690; x_wconf 92' lang='lat' dir='ltr'>in</span> 
     </span>
     <span class='ocr_line' id='line_1_21' title="bbox 145 2716 1250 2797; baseline 0 -22"><span class='ocrx_word' id='word_1_129' title='bbox 145 2716 219 2797; x_wconf 88' lang='lat' dir='ltr'>ipsis</span> <span class='ocrx_word' id='word_1_130' title='bbox 246 2720 403 2779; x_wconf 84' lang='lat' dir='ltr'>tormentis</span> <span class='ocrx_word' id='word_1_131' title='bbox 430 2720 524 2783; x_wconf 75' lang='lat' dir='ltr'>uitam</span> <span class='ocrx_word' id='word_1_132' title='bbox 554 2719 664 2794; x_wconf 81' lang='lat' dir='ltr'>exuit,</span> <span class='ocrx_word' id='word_1_133' title='bbox 696 2736 766 2783; x_wconf 85' lang='lat' dir='ltr'>cum</span> <span class='ocrx_word' id='word_1_134' title='bbox 795 2734 943 2777; x_wconf 82' lang='lat' dir='ltr'>annorum</span> <span class='ocrx_word' id='word_1_135' title='bbox 970 2726 1048 2777; x_wconf 88' lang='lat' dir='ltr'>esset</span> <span class='ocrx_word' id='word_1_136' title='bbox 1075 2726 1196 2776; x_wconf 87' lang='lat' dir='ltr'>centum</span> <span class='ocrx_word' id='word_1_137' title='bbox 1219 2725 1250 2775; x_wconf 89' lang='lat' dir='ltr'>et</span> 
     </span>
     <span class='ocr_line' id='line_1_22' title="bbox 145 2800 1249 2883; baseline 0 -21"><span class='ocrx_word' id='word_1_138' title='bbox 145 2811 269 2882; x_wconf 69' lang='lat' dir='ltr'>septetuz</span> <span class='ocrx_word' id='word_1_139' title='bbox 313 2802 373 2862; x_wconf 82' lang='lat' dir='ltr'>llic</span> <span class='ocrx_word' id='word_1_140' title='bbox 401 2803 495 2881; x_wconf 85' lang='lat' dir='ltr'>igitur</span> <span class='ocrx_word' id='word_1_141' title='bbox 522 2822 645 2882; x_wconf 68' lang='lat' dir='ltr'>mugnus</span> <span class='ocrx_word' id='word_1_142' title='bbox 674 2822 765 2863; x_wconf 77' lang='lat' dir='ltr'>tenax</span> <span class='ocrx_word' id='word_1_143' title='bbox 791 2803 904 2883; x_wconf 83' lang='lat' dir='ltr'>scripta</span> <span class='ocrx_word' id='word_1_144' title='bbox 925 2800 1135 2862; x_wconf 76' lang='lat' dir='ltr'>Ecclesiastica</span> <span class='ocrx_word' id='word_1_145' title='bbox 1161 2800 1249 2862; x_wconf 90' lang='lat' dir='ltr'>nobis</span> 
     </span>
     <span class='ocr_line' id='line_1_23' title="bbox 144 2886 1249 2970; baseline -0.001 -22"><span class='ocrx_word' id='word_1_146' title='bbox 144 2886 289 2967; x_wconf 83' lang='lat' dir='ltr'>reliquit,</span> <span class='ocrx_word' id='word_1_147' title='bbox 316 2888 482 2970; x_wconf 88' lang='lat' dir='ltr'>inquibus</span> <span class='ocrx_word' id='word_1_148' title='bbox 505 2890 543 2950; x_wconf 79' lang='lat' dir='ltr'>de</span> <span class='ocrx_word' id='word_1_149' title='bbox 572 2889 758 2970; x_wconf 70' lang='lat' dir='ltr'>septuaginta</span> <span class='ocrx_word' id='word_1_150' title='bbox 787 2889 877 2948; x_wconf 86' lang='lat' dir='ltr'>etiam</span> <span class='ocrx_word' id='word_1_151' title='bbox 898 2886 1065 2948; x_wconf 78' lang='lat' dir='ltr'>salvatoris</span> <span class='ocrx_word' id='word_1_152' title='bbox 1087 2887 1249 2966; x_wconf 85' lang='lat' dir='ltr'>Discipulis</span> 
     </span>
     <span class='ocr_line' id='line_1_24' title="bbox 147 2972 1249 3054; baseline -0.003 -20"><span class='ocrx_word' id='word_1_153' title='bbox 147 2973 307 3048; x_wconf 73' lang='lat' dir='ltr'>disseruit,</span> <span class='ocrx_word' id='word_1_154' title='bbox 338 2982 368 3034; x_wconf 87' lang='lat' dir='ltr'>st</span> <span class='ocrx_word' id='word_1_155' title='bbox 396 2975 450 3034; x_wconf 90' lang='lat' dir='ltr'>ubi</span> <span class='ocrx_word' id='word_1_156' title='bbox 479 2977 687 3054; x_wconf 71' lang='lat' dir='ltr'>ununquisque</span> <span class='ocrx_word' id='word_1_157' title='bbox 715 2972 949 3054; x_wconf 60' lang='lat' dir='ltr'>Prophetarum&gt;</span> <span class='ocrx_word' id='word_1_158' title='bbox 972 2983 1002 3034; x_wconf 88' lang='lat' dir='ltr'>et</span> <span class='ocrx_word' id='word_1_159' title='bbox 1032 2974 1249 3054; x_wconf 74' lang='lat' dir='ltr'>Apostolorum</span> 
     </span>
     <span class='ocr_line' id='line_1_25' title="bbox 147 3057 1248 3142; baseline -0.001 -22"><span class='ocrx_word' id='word_1_160' title='bbox 147 3060 241 3120; x_wconf 82' lang='lat' dir='ltr'>vitam</span> <span class='ocrx_word' id='word_1_161' title='bbox 262 3057 349 3119; x_wconf 89' lang='lat' dir='ltr'>finiit.</span> <span class='ocrx_word' id='word_1_162' title='bbox 393 3060 438 3119; x_wconf 82' lang='lat' dir='ltr'>Ac</span> <span class='ocrx_word' id='word_1_163' title='bbox 457 3062 491 3121; x_wconf 92' lang='lat' dir='ltr'>in</span> <span class='ocrx_word' id='word_1_164' title='bbox 511 3060 618 3142; x_wconf 83' lang='lat' dir='ltr'>primis</span> <span class='ocrx_word' id='word_1_165' title='bbox 639 3060 827 3139; x_wconf 85' lang='lat' dir='ltr'>septuaginta</span> <span class='ocrx_word' id='word_1_166' title='bbox 847 3058 918 3119; x_wconf 84' lang='lat' dir='ltr'>illos</span> <span class='ocrx_word' id='word_1_167' title='bbox 939 3079 1002 3119; x_wconf 85' lang='lat' dir='ltr'>esse</span> <span class='ocrx_word' id='word_1_168' title='bbox 1022 3059 1088 3132; x_wconf 86' lang='lat' dir='ltr'>ait,</span> <span class='ocrx_word' id='word_1_169' title='bbox 1120 3076 1248 3138; x_wconf 84' lang='lat' dir='ltr'>quorum</span> 
     </span>
     <span class='ocr_line' id='line_1_26' title="bbox 148 3143 1248 3223; baseline -0.002 -18"><span class='ocrx_word' id='word_1_170' title='bbox 148 3145 236 3205; x_wconf 85' lang='lat' dir='ltr'>etiam</span> <span class='ocrx_word' id='word_1_171' title='bbox 266 3143 436 3223; x_wconf 84' lang='lat' dir='ltr'>complures</span> <span class='ocrx_word' id='word_1_172' title='bbox 462 3147 554 3206; x_wconf 85' lang='lat' dir='ltr'>variis</span> <span class='ocrx_word' id='word_1_173' title='bbox 582 3145 614 3204; x_wconf 83' lang='lat' dir='ltr'>In</span> <span class='ocrx_word' id='word_1_174' title='bbox 639 3145 805 3223; x_wconf 84' lang='lat' dir='ltr'>provinciis</span> <span class='ocrx_word' id='word_1_175' title='bbox 826 3144 970 3223; x_wconf 87' lang='lat' dir='ltr'>Episcopi</span> <span class='ocrx_word' id='word_1_176' title='bbox 996 3144 1140 3220; x_wconf 71' lang='lat' dir='ltr'>extitere,</span> <span class='ocrx_word' id='word_1_177' title='bbox 1167 3165 1248 3223; x_wconf 90' lang='lat' dir='ltr'>quo·</span> 
     </span>
     <span class='ocr_line' id='line_1_27' title="bbox 147 3228 1248 3309; baseline 0 -19"><span class='ocrx_word' id='word_1_178' title='bbox 147 3251 215 3291; x_wconf 90' lang='lat' dir='ltr'>rum</span> <span class='ocrx_word' id='word_1_179' title='bbox 237 3228 358 3288; x_wconf 88' lang='lat' dir='ltr'>divinus</span> <span class='ocrx_word' id='word_1_180' title='bbox 380 3231 514 3291; x_wconf 85' lang='lat' dir='ltr'>meminit</span> <span class='ocrx_word' id='word_1_181' title='bbox 524 3229 689 3309; x_wconf 68' lang='lat' dir='ltr'>Apostolus</span> <span class='ocrx_word' id='word_1_182' title='bbox 708 3230 741 3289; x_wconf 88' lang='lat' dir='ltr'>in</span> <span class='ocrx_word' id='word_1_183' title='bbox 763 3229 825 3288; x_wconf 91' lang='lat' dir='ltr'>suis</span> <span class='ocrx_word' id='word_1_184' title='bbox 846 3229 1083 3289; x_wconf 83' lang='lat' dir='ltr'>salutationibus.</span> <span class='ocrx_word' id='word_1_185' title='bbox 1127 3230 1248 3309; x_wconf 86' lang='lat' dir='ltr'>Quippe</span> 
     </span>
     <span class='ocr_line' id='line_1_28' title="bbox 147 3311 1248 3396; baseline -0.003 -21"><span class='ocrx_word' id='word_1_186' title='bbox 147 3326 218 3396; x_wconf 84' lang='lat' dir='ltr'>post</span> <span class='ocrx_word' id='word_1_187' title='bbox 238 3314 407 3375; x_wconf 78' lang='lat' dir='ltr'>salvatoris</span> <span class='ocrx_word' id='word_1_188' title='bbox 426 3320 523 3376; x_wconf 87' lang='lat' dir='ltr'>nostri</span> <span class='ocrx_word' id='word_1_189' title='bbox 548 3332 596 3375; x_wconf 68' lang='lat' dir='ltr'>ex=</span> <span class='ocrx_word' id='word_1_190' title='bbox 613 3312 741 3373; x_wconf 87' lang='lat' dir='ltr'>mortuis</span> <span class='ocrx_word' id='word_1_191' title='bbox 759 3314 1039 3386; x_wconf 79' lang='lat' dir='ltr'>Resurrectionem,</span> <span class='ocrx_word' id='word_1_192' title='bbox 1066 3311 1123 3371; x_wconf 89' lang='lat' dir='ltr'>hos</span> <span class='ocrx_word' id='word_1_193' title='bbox 1145 3334 1248 3372; x_wconf 89' lang='lat' dir='ltr'>omnes</span> 
     </span>
     <span class='ocr_line' id='line_1_29' title="bbox 147 3397 1247 3478; baseline -0.005 -17"><span class='ocrx_word' id='word_1_194' title='bbox 147 3402 256 3461; x_wconf 86' lang='lat' dir='ltr'>missos</span> <span class='ocrx_word' id='word_1_195' title='bbox 277 3399 370 3459; x_wconf 68' lang='lat' dir='ltr'>faiam</span> <span class='ocrx_word' id='word_1_196' title='bbox 383 3401 512 3477; x_wconf 84' lang='lat' dir='ltr'>indicat,</span> <span class='ocrx_word' id='word_1_197' title='bbox 531 3411 561 3460; x_wconf 90' lang='lat' dir='ltr'>et</span> <span class='ocrx_word' id='word_1_198' title='bbox 580 3399 660 3458; x_wconf 88' lang='lat' dir='ltr'>inter</span> <span class='ocrx_word' id='word_1_199' title='bbox 673 3397 834 3477; x_wconf 78' lang='lat' dir='ltr'>Apostolos</span> <span class='ocrx_word' id='word_1_200' title='bbox 852 3407 1027 3459; x_wconf 82' lang='lat' dir='ltr'>numeratos</span> <span class='ocrx_word' id='word_1_201' title='bbox 1048 3397 1154 3475; x_wconf 84' lang='lat' dir='ltr'>fuisse,</span> <span class='ocrx_word' id='word_1_202' title='bbox 1169 3417 1247 3478; x_wconf 89' lang='lat' dir='ltr'>quo-</span> 
     </span>
     <span class='ocr_line' id='line_1_30' title="bbox 146 3484 749 3549; baseline -0.007 0"><span class='ocrx_word' id='word_1_203' title='bbox 146 3507 215 3549; x_wconf 88' lang='lat' dir='ltr'>rum</span> <span class='ocrx_word' id='word_1_204' title='bbox 236 3485 359 3545; x_wconf 89' lang='lat' dir='ltr'>nomina</span> <span class='ocrx_word' id='word_1_205' title='bbox 382 3486 466 3549; x_wconf 83' lang='lat' dir='ltr'>hisce</span> <span class='ocrx_word' id='word_1_206' title='bbox 486 3484 585 3548; x_wconf 83' lang='lat' dir='ltr'>verbis</span> <span class='ocrx_word' id='word_1_207' title='bbox 604 3492 749 3545; x_wconf 67' lang='lat' dir='ltr'>recenset</span> 
     </span>
    </p>
   </div>
   <div class='ocr_carea' id='block_1_7' title="bbox 0 0 1479 4896">
    <p class='ocr_par' dir='ltr' id='par_1_7' title="bbox 0 0 1479 4896">
     <span class='ocr_line' id='line_1_31' title="bbox 0 0 1479 4896; baseline 0 0"><span class='ocrx_word' id='word_1_208' title='bbox 0 0 1479 4896; x_wconf 95' lang='lat' dir='ltr'> </span> 
     </span>
    </p>
   </div>
  </div>
 </body>
</html>
