2944 4896
157 2655 251 2715 V333

258 341 330 412 100
497 336 679 405 SELECTA
699 337 755 403 AD
782 336 1151 404 lLLUSTRATIONEM

253 504 373 584 Friges,
406 502 573 584 Magones,
601 501 751 583 Bithyni,
772 495 959 579 Nomades,
989 503 1131 583 Lycinii,
1162 501 1349 577 Mariandeni,

252 588 398 670 Pamfyli,
420 588 556 667 Miuiaci,
579 589 762 670 llipisideni,
784 590 925 670 Lygallii,
955 589 1080 664 Cilices,
1100 589 1263 664 Maurusii,
1285 589 1350 648 Cra·-

254 687 319 752 tae,
340 675 510 752 Magartaa,
530 674 705 750 Numidiae,
726 674 899 749 Macrones,
922 667 1128 735 Nasamonas.-

343 760 379 819 lli
393 759 552 840 possident
566 761 603 819 ab
618 761 754 839 Aegypto
769 759 915 840 usquead
937 759 1101 823 Oceanum.

341 846 418 906 Sunt
432 854 532 906 autem
545 845 666 905 Insulae
686 844 719 904 in
738 843 786 904 his
808 863 981 905 communes
997 844 1070 906 hae:
1094 845 1235 920 Corsola,
1259 844 1351 922 Lupa·
1430 875 1431 894 a

256 931 333 1007 dus,
355 928 526 1009 Agaudius,
554 931 696 1006 Meletos,
724 930 894 1004 cercenna,
921 931 1032 1008 Meuia,
1063 929 1219 1005 Cardinia,
1245 929 1350 999 Galata,

257 1018 407 1092 Corsuna,
430 1017 554 1092 Cretae,
578 1015 713 1086 Gaulua,
732 1015 851 1094 Rheda,
873 1015 1004 1088 Ethera,
1026 1018 1186 1092 Careatus,
1208 1012 1351 1093 Astypala,

258 1101 368 1177 Chius,
397 1100 528 1177 Lesbus,
564 1101 718 1176 Tenedos,
747 1102 883 1177 imbrus,
916 1102 1036 1184 lassus,
1066 1100 1184 1176 Cobua,
1216 1097 1352 1171 chnidos,

143 1198 147 1205 ’
256 1187 400 1261 Maurus,
424 1185 582 1264 Megistae,
606 1188 734 1266 Cyprus.

342 1270 404 1344 Qui
420 1279 520 1330 autem
534 1291 638 1332 eorum
653 1282 723 1331 sunt
735 1272 875 1347 litterati,
897 1271 930 1330 hi
946 1282 1032 1333 aunt:
1055 1271 1199 1346 Fenicea,
1213 1265 1352 1348 Aegyptii,

257 1355 398 1437 Pamfyli,
419 1356 541 1435 Fryges.
689 1401 691 1408 .
752 1418 755 1427 Ι

343 1444 419 1500 Sunt
439 1452 538 1502 autem
557 1440 632 1501 lines
647 1440 739 1501 Charra
760 1463 777 1500 a
793 1439 1003 1521 llinocoryris,
1026 1459 1104 1520 quaa
1119 1438 1230 1500 dividit
1243 1438 1353 1519 Syriam

261 1534 292 1587 at
304 1527 489 1605 Aegyptum,
510 1545 607 1606 usque
621 1526 730 1586 Garira
744 1526 778 1585 in
789 1527 922 1605 longum.

344 1611 470 1671 Nomina
490 1621 590 1671 autem
604 1611 754 1690 gentium,
774 1611 850 1671 haec
870 1619 958 1671 sunt:
981 1610 1136 1690 Aegyptus
1157 1618 1188 1669 et
1204 1608 1354 1688 Aethiopia

261 1714 338 1776 quaa
351 1695 448 1757 tendit
464 1696 608 1756 adversus
623 1697 758 1773 Indiam,
774 1699 909 1759 etaltera
924 1694 1101 1776 Aethiopia,
1123 1693 1203 1754 unde
1219 1694 1354 1774 proficia-

212 1782 215 1791 ‘
260 1782 341 1842 citur
354 1781 467 1842 flumen
482 1781 681 1863 Aethiopum,
703 1781 869 1862 Erythara,
892 1781 977 1862 quod
992 1791 1038 1840 est
1056 1780 1183 1840 rubrum
1197 1780 1354 1842 adtendens

261 1867 301 1927 ad
317 1867 486 1929 Orientem:
504 1856 626 1929 ¹Thebea
640 1868 768 1948 Libyae,
791 1889 867 1948 quae
890 1866 1027 1928 extendit
1047 1885 1142 1945 usque
1165 1867 1286 1946 Syrtes,
1306 1864 1355 1923 ha-

260 1951 334 2012 bens
355 1962 457 2030 gentes
477 1950 548 2013 has:
571 1954 775 2028 Nasamonas,
799 1954 915 2028 Macae,
940 1952 1136 2011 Tautameos:
1159 1951 1274 2031 Lybiae
1291 1967 1355 2030 quae

261 2037 387 2116 aLepti
409 2037 544 2097 extendit
574 2054 670 2115 usque
691 2039 838 2098 minorem
867 2041 1003 2117 Syrtem:
1033 2035 1192 2113 Numidia,
1214 2036 1356 2108 Massaria,

263 2121 442 2180 Mauritania
460 2141 536 2201 quae
555 2121 689 2181 extendit
708 2141 803 2203 usque
821 2120 1000 2200 Herculeas,
1021 2122 1106 2203 quod
1120 2130 1164 2182 est
1178 2120 1356 2184 Heracleoti-

263 2225 313 2266 cas
330 2207 430 2266 stellas
445 2215 551 2267 contra
566 2207 716 2272 Gadiram.

347 2291 446 2353 Habet
467 2302 565 2352 autem
593 2292 631 2352 ad
659 2293 786 2371 Borram
807 2292 986 2354 maritimam
1007 2293 1156 2372 Ciliciam,
1179 2293 1356 2374 Pamlyliam,

188 2366 192 2374 ¹
261 2374 422 2451 Pisidiam,
451 2379 595 2458 Mysiam,
623 2380 820 2460 Lycaoniam,
847 2379 1002 2458 Frygiam,
1034 2379 1211 2457 Camaliam,
1234 2379 1357 2460 Lyciam,
1429 2386 1430 2389 ’

264 2461 395 2540 Cariam,
419 2464 562 2543 Lydiam,
583 2462 710 2543 Mysiam
730 2465 839 2539 aliam,
855 2464 1022 2551 Troadem,
1038 2465 1193 2542 Aulidem,
1216 2462 1358 2545 Bityniam

263 2556 395 2608 vaterem
409 2596 418 2623 ,
441 2549 580 2627 Frygiam
594 2547 741 2608 altiorem.
1214 2556 1217 2561 ’

349 2632 450 2691 Habet
469 2633 557 2692 etiam
573 2632 688 2693 lnaulas
707 2631 779 2693 has:
801 2632 986 2709 Sardiniam,
1004 2634 1139 2706 Cretam,
1164 2636 1314 2716 Cyprum,
1334 2637 1358 2689 et

263 2715 376 2777 flumen
397 2717 499 2793 Geon,
523 2716 577 2797 qni
591 2718 762 2799 appellatur
774 2718 871 2778 Nilus.
916 2711 1154 2782 Dividit'antem
1173 2720 1257 2781 inter
1277 2718 1357 2779 Chan

266 2809 296 2861 et
308 2802 389 2863 inter
399 2801 520 2882 Japhet,
544 2810 575 2862 et
589 2824 623 2864 os
640 2803 804 2884 vespertini
819 2804 917 2865 maria.
944 2884 948 2893 ,
960 2805 1043 2868 Haec
1057 2807 1154 2871 madia
1171 2806 1265 2868 Cham
1278 2822 1357 2886 gene·

182 2888 187 2895 ’
265 2887 353 2946 ratio.
410 2914 412 2921 ,

350 2971 394 3030 De
409 2971 477 3029 Sem
491 2982 591 3032 autem
604 2974 721 3034 seniore
741 2973 803 3034 filio
821 2975 902 3051 Noa,
924 2986 996 3038 aunt
1018 2977 1116 3037 tribus
1140 2977 1276 3057 cognitae
1292 2991 1356 3036 xxv.

139 3090 142 3095 -
181 3090 184 3095 ·
267 3054 305 3114 Hi
322 3055 362 3115 ad
375 3054 527 3115 Orientem
545 3056 797 3119 inhabitaverunt.

350 3139 420 3199 Filii
438 3143 522 3217 Sem,
546 3143 663 3220 Aelam,
688 3146 727 3205 de
743 3164 804 3224 quo
821 3146 956 3226 helymei
969 3156 1000 3207 et
1016 3147 1149 3227 Assyrii:
1172 3147 1211 3208 Et
1260 3173 1262 3180 ·

352 3226 497 3304 Artaxat,
519 3228 599 3288 unde
613 3229 758 3289 Chaldaei
770 3241 799 3290 et
814 3231 920 3309 Ludii,
943 3232 1181 3313 undeLaaones:
1203 3235 1242 3294 Et

353 3312 457 3390 Aram,
489 3313 568 3373 unde
595 3313 687 3375 Ethes
711 3316 822 3396 prioris
847 3316 904 3376 hos
929 3318 1043 3378 excidit
1069 3317 1236 3380 Abraham:
1261 3328 1291 3381 at
1311 3311 1357 3374 filil

177 3448 179 3451 ,
270 3398 358 3455 Aram
375 3397 503 3476 Oscevi,
526 3399 564 3458 de
582 3421 642 3480 quo
657 3400 753 3476 Lidii,
770 3411 799 3461 et
814 3404 904 3480 Cart,
920 3404 958 3463 de
973 3424 1034 3485 quo
1046 3403 1187 3481 Gasfeni,
1210 3414 1239 3464 et
1256 3404 1357 3472 Monac,

269 3480 350 3541 unde
371 3483 523 3563 Mossyni:
547 3485 585 3546 Et
723 3564 725 3569 Ι
1228 3524 1230 3535 ·
1393 3556 1396 3567 Ι

354 3566 480 3628 Artaxat
501 3570 604 3648 genuit
619 3571 701 3646 Sala,
724 3583 755 3632 et
768 3573 835 3632 Sala
857 3573 961 3651 genuit
982 3573 1097 3651 Heben,
1121 3576 1201 3637 unde
1220 3569 1357 3638 Hebraeis

242 3698 243 3705 ,
269 3657 300 3709 et
313 3648 412 3712 Heber
426 3654 487 3712 nati
501 3664 570 3714 sunt
585 3655 646 3716 duo
662 3656 736 3729 filii,
751 3657 839 3717 Falec
856 3668 886 3718 et
899 3657 1000 3719 Deboc
1009 3704 1018 3736 ,
1040 3661 1121 3721 unde
1138 3660 1262 3722 ducitur
1275 3652 1359 3741 genu⁸⁴

268 3732 436 3811 Abraham,
461 3747 491 3797 et
503 3738 642 3816 Tactem,
665 3751 694 3801 et
706 3742 818 3801 Jectan.
861 3743 964 3803 lecta'n
981 3753 1081 3806 autem
1104 3747 1207 3825 genuit
1222 3738 1357 3812 Elmodal

268 3819 307 3879 de
331 3839 392 3898 quo
409 3821 496 3897 Indi3
528 3832 557 3882 et
577 3825 673 3900 Salef,
695 3825 732 3887 de
756 3847 819 3906 quo
837 3829 1005 3902 Bactriani‚·
1027 3841 1057 3892 et
1079 3831 1223 3893 Asarmot
1245 3834 1283 3893 de
1306 3844 1356 3911 qu⁰

270 3904 382 3964 Arabes
402 3908 537 3986 priores,
568 3918 599 3969 et
620 3909 740 3987 Duran,
763 3912 802 3971 de
823 3934 884 3994 quo
906 3915 1045 3995 Camehi;
1068 3926 1098 3977 et
1117 3920 1226 3994 Derra,
1249 3917 1286 3978 de
1305 3928 1356 3996 qu⁰

269 3989 387 4067 Mardi,
413 4002 443 4051 et
453 3994 539 4068 Ezei,
564 3995 674 4075 dequo
689 3995 823 4074 Arriani,
847 4010 877 4060 et
889 4001 1027 4079 Declam,
1043 4002 1156 4084 dequo
1171 4003 1312 4076 Cedrusi,
1331 4002 1357 4055 εἴ

271 4074 380 4151 Gebal,
402 4074 440 4137 de
459 4098 519 4156 quo
534 4079 652 4160 Scythii
671 4078 809 4161 priores,
830 4095 860 4145 et
874 4085 1025 4166 Abimeel,
1046 4088 1085 4149 de
1104 4111 1163 4168 quo
1175 4087 1313 4163 Hircani,
1332 4088 1357 4140 et

252 4170 255 4177 ‘
272 4160 377 4235 Sabat,
401 4161 481 4222 unde
501 4165 593 4224 Arabi
604 4168 719 4247 primia
740 4178 771 4230 et
788 4167 871 4248 Ufir,
893 4173 933 4232 de
950 4193 1011 4252 quo
1025 4173 1171 4251 Armenii,
1194 4184 1224 4236 et
1239 4171 1356 4240 Oevilat,

250 4264 253 4273 “
270 4244 351 4305 unde
364 4246 621 4315 Gemnoaofaetae.
667 4253 705 4313 Hi
722 4274 823 4315 omnes
837 4256 997 4321 bactriani.

295 4392 299 4415 ἱ
317 4328 322 4335 “
357 4331 466 4394 Omnes
480 4348 579 4397 autem
600 4337 637 4400 de
653 4339 750 4400 tribus
764 4339 834 4401 filiis
850 4342 914 4405 Noe
927 4353 998 4405 sunt
1011 4364 1107 4409 uxxn.
