2996 4898
354 333 433 399 -ΙΝ
459 328 708 407 CHRONICON
732 330 948 402 pascuam
994 444 999 451 ⁶
1155 331 1234 405 dli)

216 500 286 575 Pag.
308 497 379 565 695.
405 500 434 563 6.
478 495 615 578 Εκαόθη
642 498 666 580 ἤ
694 496 805 578 Minu]
836 498 970 560 Alterius
998 494 1148 575 incendii,
1177 500 1232 560 nisi
1338 542 1349 549 -

121 584 205 643 idam
225 582 333 660 luerit,
355 583 495 663 populati
518 586 664 646 seditione
685 585 716 643 in
739 586 848 645 Facem
869 606 886 643 a
912 584 1040 644 Prasinis
1063 594 1152 659 mota,
1175 604 1232 644 an-

122 686 167 727 no
188 667 268 726 illius
291 686 345 728 vu.
372 670 508 731 meminit
538 666 728 752 Nicephorus
761 671 1018 751 constantinopol.
1051 670 1082 729 in
1112 671 1231 730 breria-

122 754 191 826 rlo‚
216 761 246 810 et
267 753 475 834 Theophanes.
592 771 594 776 ·
1110 794 1123 829 ρ,

209 837 280 897 Ibid.
323 836 393 904 Ano*
420 846 483 903 cciv
503 833 649 915 Antinoe]
684 840 944 922 constantinopol.
976 833 1085 900 Christ.
1114 834 1166 901 lib.
1198 863 1229 900 Π.

122 931 195 983 sect.
218 942 247 984 v.
269 944 299 984 n.
322 945 392 984 vni.
624 948 630 963 ·
848 924 862 979 s
1131 957 1134 961 ²

209 1007 282 1085 Pag.
304 1010 376 1075 695.
396 1015 426 1073 7.
471 1013 542 1081 Εως
563 1013 617 1086 τῆς
639 1007 764 1090 Apsus]
789 1010 862 1070 lbld.
888 1021 957 1070 sect.
979 1004 1021 1069 nx.
1046 1032 1076 1071 n.
1098 1032 1140 1074 xa.
1182 1024 1213 1039 ⁴·

209 1092 282 1170 Peg.
305 1096 377 1169 695.
403 1099 432 1161 9.
479 1098 547 1155 Tea
569 1090 738 1175 Αντιόχου]
761 1095 837 1156 lbid.
860 1108 933 1155 sect.
951 1117 1015 1155 xva.
1036 1118 1068 1159 n.
1090 1118 1119 1156 v.

209 1178 281 1255 Pag·
303 1180 376 1245 695.
403 1185 451 1245 10.
498 1173 590 1254 Τάξιν
610 1184 666 1242 τοῦ
694 1179 908 1267 Πραιτωρίου]
938 1178 1067 1258 Μεταξύ
1091 1182 1228 1242 emendat

121 1262 307 1323 Holstenias.
404 1316 407 1333 ,
535 1266 540 1273 ’

149 1404 153 1413 Ι
208 1348 281 1425 Pag-
301 1352 374 1414 696.
397 1355 428 1414 2·
473 1348 623 1428 Κροῦκις]
647 1350 736 1409 Deest
759 1370 822 1410 vox
837 1346 971 1433 ἐσφάγη.
1006 1354 1036 1411 le
1057 1372 1131 1412 vero
1151 1353 1227 1432 ignit

120 1434 271 1513 supplicio
302 1433 458 1492 damnatus
488 1443 549 1510 eat,
586 1436 666 1512 quod
698 1435 727 1494 in
757 1458 789 1496 ea
818 1438 966 1497 seditione
997 1439 1102 1498 Veneti
1129 1439 1225 1500 Focse
1243 1447 1335 1511 tho

91 1593 94 1596 ἢ
120 1518 273 1594 faverent,
307 1519 423 1576 Prasiai
450 1538 524 1580 vero
553 1520 800 1607 adversarentur,
832 1534 867 1584 ut
897 1534 942 1584 est
970 1525 1052 1603 apud
1071 1524 1227 1605 Nicepho-

119 1618 189 1663 rum
211 1613 240 1663 et
260 1602 484 1683 Theophanem.

207 1688 279 1766 Peg.
302 1692 375 1756 696.
398 1689 427 1753 4.
472 1686 562 1751 Mami
592 1695 646 1752 Yn.
676 1694 770 1752 Φωκᾶ
800 1686 877 1774 As'y.
934 1693 968 1751 ln
1002 1691 1086 1753 hunc
1114 1713 1225 1754 annum

119 1771 233 1833 Christi
257 1793 340 1834 nutv.
362 1774 556 1834 Consulatum
581 1775 678 1841 Eocae
698 1775 838 1856 rejiciunt
860 1778 1116 1852 Festivossispi,
1146 1782 1224 1839 Pan·

118 1858 220 1919 vinias
250 1869 281 1918 et
310 1859 428 1937 Pagina.
472 1860 554 1919 lliem
581 1880 743 1940 processus
773 1862 869 1921 Focee
896 1871 982 1920 notet
1011 1862 1222 1945 Theophanes,

118 1953 149 2004 et
170 1965 208 2004 ex
229 1964 265 2004 eo
288 1944 436 2022 Georgius
457 1943 642 2021 Monachus,
673 1946 825 2006 Gedrenus
848 1957 878 2007 et
906 1951 1035 2026 Symeon
1057 1948 1223 2028 chothete

117 2028 158 2087 sd
181 2048 291 2088 annum
312 2050 346 2090 11.
367 2024 464 2112 τούτῳ
485 2034 526 2115 τῷ
548 2028 605 2092 tto
626 2030 700 2111 μηνὶ
721 2033 895 2119 Δεκεμβρίῳ
919 2027 950 2107 ξ.
974 2035 1034 2094 Iud.
1058 2029 1090 2108 ξ.
1112 2041 1222 2116 προῆλ-

117 2121 177 2176 θεν
206 2116 268 2186 (eic
287 2115 343 2192 leg.
365 2134 424 2197 pro
445 2114 643 2199 προσῆλθεν)
676 2120 786 2191 (hundo
814 2118 847 2180 ἐν
875 2125 940 2191 ταῖς
961 2117 1097 2200 ἑορταῖς,
1128 2122 1223 2203 ῥίψας

95 2197 272 2263 'instalum
285 2197 417 2279 πολλήν,
440 2221 502 2261 naa
527 2201 687 2261 observato
710 2204 824 2263 seilicet
846 2204 942 2263 vetari
963 2204 1127 2265 Consulum
1152 2228 1222 2267 mo-

115 2305 166 2356 re,
198 2305 258 2365 quo
278 2286 487 2373 Kaldenuar.
510 2287 731 2366 utplurimum
760 2288 924 2368 procedere
952 2290 1106 2366 solebant,
1137 2291 1222 2372 quod

116 2371 205 2431 efism
231 2370 423 2433 observatum
445 2392 461 2430 a
481 2370 599 2431 Justino
620 2372 758 2448 iuniore,
781 2382 962 2434 attestatur
983 2376 1144 2456 corippus.
1180 2378 1221 2437 Ut

115 2474 209 2537 porro
237 2456 400 2517 Mauricius
429 2457 485 2517 aab
514 2457 668 2538 hyemem,
706 2458 958 2538 quemadmodum
985 2461 1092 2521 scribit
1118 2461 1220 2521 Simu-

50 2547 61 2619 ἦ
116 2551 215 2618 cette,
243 2550 371 2602 seu‘xx.
393 2543 504 2603 mensis
528 2542 712 2619 Decembris,
740 2552 776 2603 ut
796 2543 994 2626 Theophanes
1016 2556 1045 2606 et
1068 2545 1220 2606 Cedrenus

114 2627 259 2705 uadunt,
288 2628 332 2687 ita
362 2628 457 2688 focas
486 2627 589 2690 eodem
613 2648 715 2689 mense
742 2626 913 2707 Decembri,
942 2652 1025 2717 anno
1042 2631 1164 2711 Imperii
1183 2652 1220 2695 n.
1277 2661 1280 2667 ·

115 2711 230 2773 Christi
258 2714 385 2792 vulgari-
404 2734 488 2776 uctn.
517 2714 712 2775 Consulatum
742 2724 806 2775 tum
835 2717 967 2796 primum
993 2716 1079 2777 iniits
1113 2738 1130 2776 a
1158 2736 1219 2798 quc

115 2798 237 2881 quidem
264 2799 375 2860 caeteri
397 2801 539 2885 deinceps
562 2801 742 2862 Consulatus
764 2821 817 2860 seu
838 2803 1083 2863 Postconsulatus
1104 2813 1219 2884 putan-

113 2892 167 2945 tur
192 2886 224 2943 in
251 2883 312 2943 hoc
341 2884 509 2961 Chronico,
536 2884 655 2948 tametsi
682 2906 787 2951 revers
815 2888 932 2967 primus
958 2889 1016 2949 iste
1039 2890 1219 2951 Consulatus
1279 2932 1281 2939 1

113 2979 201 3030 actus
234 2986 311 3028 anno
342 2968 462 3030 demum
491 2992 574 3035 nasa.
605 2972 667 3033 dici
695 2972 819 3051 debeat,
846 2973 919 3035 licet
946 2976 1107 3056 incoeptus
1136 2994 1218 3037 anna

111 3051 307 3137 praecedenti
337 3053 394 3111 sub
423 3052 555 3115 mensem
583 3058 788 3119 Decembrem.
830 3058 992 3140 Imperium
1015 3062 1093 3122 enim
1115 3061 1218 3143 suspi-

112 3149 200 3200 catus
229 3148 274 3199 est
297 3158 389 3200 xxm.
417 3139 596 3203 Novembris
626 3142 692 3201 lad.
713 3162 768 3205 va..
788 3162 849 3220 quo
873 3154 919 3205 est
940 3166 1051 3207 corone
1076 3146 1218 3209 donatus.
1337 3166 1340 3175 ’

112 3225 242 3301 Verum,
274 3234 310 3284 ut
334 3223 396 3305 jem
422 3245 513 3305 supra
541 3226 710 3305 attigimus,
740 3247 836 3286 annus
858 3248 920 3307 quo
941 3229 1088 3310 processit
1110 3231 1216 3310 Pocae,

45 3376 51 3383 ,
108 3310 182 3371 licet
211 3310 269 3370 suls
299 3308 363 3392 ojus
388 3310 521 3386 exitum,
545 3320 631 3372 totus
655 3309 739 3370 illius
759 3313 937 3373 Consulatui
964 3314 1137 3394 adscriptus
1160 3325 1215 3378 est.

109 3397 156 3455 De
176 3395 228 3456 dle
246 3414 324 3456 vero
344 3396 412 3457 initi
433 3416 469 3454 so
489 3397 592 3477 coepti
613 3396 804 3457 Comulams‘
817 3395 943 3457 dubiam
966 3416 1027 3459 non
1050 3400 1142 3463 modo
1163 3401 1215 3459 in·

108 3481 221 3564 jiciant
240 3482 333 3543 verba
354 3479 565 3562 Theophanis,
588 3483 640 3563 qui
661 3482 696 3547 lv
714 3489 783 3557 ταῖς
797 3481 918 3565 ἑορταῖς
937 3484 970 3544 ld
992 3494 1092 3544 actum
1109 3485 1214 3562 soleat,

110 3565 166 3627 sed
195 3577 225 3627 et
254 3568 339 3647 quod
367 3567 398 3627 in
428 3567 567 3628 amadeus
596 3566 662 3629 aliis
683 3568 846 3650 Soriptoais
874 3568 961 3630 istius
982 3571 1215 3650 exemplaribus,

110 3652 159 3713 uti
178 3658 283 3712 monet
303 3651 557 3727 Gnarum-litem
575 3654 737 3717 numeralis
758 3646 795 3728 ζ’.
816 3653 972 3715 Decembri
993 3657 1088 3717 mensi
1111 3657 1214 3719 addita
1314 3700 1318 3709 ι
1341 3676 1343 3679 ·

110 3738 314 3807 desideratur,
343 3739 460 3799 tametsi
489 3738 636 3800 habeatur
662 3741 694 3800 in
716 3737 866 3800 Chromco
886 3739 950 3804 Mb.
971 3743 1127 3822 symeonis
1147 3744 1215 3803 Le-

108 3822 259 3903 getheus,
278 3825 331 3903 qui
353 3823 564 3906 Theophanem
586 3825 649 3885 lere
667 3825 701 3885 in
719 3844 756 3886 ea
778 3824 945 3907 asscripsit.
988 3828 1028 3888 Et
1049 3837 1130 3892 cute
1152 3831 1212 3890 Ce-

108 3908 232 3986 damus,
253 3928 314 3968 non
336 3908 454 3990 adjecto
474 3911 564 3981 etlam
587 3928 697 3988 mense,
719 3910 752 3975 la
770 3917 839 3985 mn
858 3909 975 3991 ἑορταῖς
997 3913 1114 3994 pariter
1133 3928 1212 3998 pro-

109 3995 232 4055 cessisse
253 3994 371 4055 l'ooam.
385 3995 493 4071 tradit,
522 3997 623 4057 idest
647 3998 678 4056 in
700 3996 796 4057 Festls
818 3994 987 4079 natalitiis,
1018 4001 1212 4083 quandoqui-

109 4078 181 4140 dem
201 4079 235 4140 ld
255 4096 357 4142 manse
381 4080 536 4143 Decembri
554 4082 715 4160 cbntigisse
728 4091 832 4145 exerte
847 4081 1116 4167 sit'l'heaphauss:
1137 4087 1212 4148 alias

109 4165 189 4227 enim
210 4166 254 4224 its
276 4166 452 4246 praesemina
472 4162 673 4247 ladlgltantur
694 4160 875 4230 lesliritatas
895 4169 1061 4232 Paschales.
1149 4216 1154 4247 :

196 4251 267 4328 Q·
288 4255 363 4319 09⁶.
383 4256 414 4317 l·
459 4247 618 4337 &idemne
638 4252 655 4317 d
674 4257 812 4339 Τπαρχος
832 4259 893 4316 τῶν
916 4257 1125 4338 Πραιτωρίων]
1149 4256 1210 4331 Qui
1250 4328 1252 4333 ,

108 4334 288 4417 Theophani
308 4357 387 4396 anno
408 4357 451 4399 iv.
472 4335 489 4403 i
507 4342 562 4420 τῆς
582 4344 742 4423 Ανατολῆς
765 4344 901 4420 Ἰπαρχος
922 4341 1043 4426 dicitur.
