2992 4894
233 312 257 383 s
370 390 374 395 .
472 326 478 333 ·
546 314 560 397 g
593 390 599 401 ‚
629 256 935 403 inaurasse.

67 470 233 558 Fffssllfflff
317 480 356 543 II.
397 477 496 562 Atque
510 489 547 543 ut
560 479 598 541 ab
612 480 707 560 illius,
729 493 763 543 ut
772 481 816 545 ita
835 481 942 559 dicans,
964 482 1087 544 fartum
1102 484 1268 564 ordiamur,
1293 504 1350 549 va-

84 544 129 666 lss'a
138 548 218 666 lm}
233 564 281 626 ria
300 566 354 627 ills
374 566 442 631 fail.
490 568 567 628 Tum
593 568 725 648 primum
752 569 867 650 quippe
885 570 917 629 in
938 570 1106 650 Republica
1128 571 1281 650 literaria,
1317 583 1350 633 et

68 630 217 737 chrgnjcon
235 652 316 732 apud
328 650 412 713 viros
427 651 561 715 eruditos
582 653 729 731 innotuit,
751 675 820 716 cum
840 674 879 714 ax
903 655 1019 731 Sicilia,
1041 656 1095 715 ubi
1110 657 1147 716 ab
1160 657 1349 737 Hieronymo

129 760 135 771 ·
157 752 180 804 Ρ
197 753 216 806 2
234 740 336 799 Surita
349 737 504 799 inventum
516 739 634 815 serunt,
655 739 740 799 illius
758 752 788 801 et
801 739 924 799 Antonii
940 741 1097 819 Augustini
1110 763 1203 822 opera
1217 745 1349 804 Romam

67 820 149 893 primo
173 834 277 892 sp-eet
296 823 453 904 perlatum.
498 825 558 898 Qui
580 826 659 885 enim
678 833 905 906 ea‘tempestatc
919 822 1015 887 Fastis
1037 829 1251 889 consularibus
1268 850 1348 889 con·

66 891 388 1013 Pt¹l²l¹l¹¹¹i¹p0³oinnandis
411 921 441 970 et
455 910 638 986 adornandis
657 931 777 990 operam
793 932 878 970 suam
898 912 1101 990 collocabant,
1122 915 1247 974 Carolus
1261 916 1349 992 Sigo-

66 963 307 1087 {mda‘ssniua
319 1006 350 1056 et
372 995 549 1076 Onuphrius
571 996 748 1074 Panvinius,
777 998 881 1058 Factae
901 996 1083 1059 Consulares
1106 999 1137 1058 in
1162 1001 1267 1061 eodem
1287 1002 1347 1061 Pass

232 1080 328 1142 schali
347 1092 485 1142 exaratos
506 1070 562 1141 sibi
582 1083 714 1143 describi
734 1092 880 1143 curarunt
887 1128 896 1159 ,
932 1083 1041 1163 quibus
1057 1105 1089 1144 se
1103 1080 1206 1144 inillis
1221 1107 1348 1166 compo-

231 1168 337 1243 tiendis
350 1190 412 1228 non
424 1168 546 1231 minime
556 1168 675 1248 adjutos
693 1168 776 1229 haud
789 1169 881 1230 soanel
894 1168 917 1229 ii
930 1169 1121 1249 profitentur.
1151 1170 1225 1245 Nos,
1245 1173 1348 1250 inquit

232 1255 373 1332 Sigonius
390 1255 423 1314 in
445 1254 664 1319 Commentario
685 1253 725 1314 ad
744 1255 849 1315 Festos
871 1260 903 1315 οἵ
921 1255 1104 1335 Triumphus
1128 1256 1346 1334 Romanorum,

232 1338 408 1419 Dionysium
427 1342 543 1424 sequuti
555 1363 670 1417 sumus,
692 1362 777 1425 quem
793 1338 878 1400 Fasti
898 1339 1021 1423 quidam
1039 1339 1215 1402 Consulares
1235 1340 1347 1404 Graece

231 1425 352 1507 scripti,
374 1440 463 1508 atque
476 1448 518 1486 ex
530 1423 649 1502 Sicilia,
674 1440 708 1485 ut
721 1423 830 1500 audio,
853 1421 985 1501 advecti,
995 1441 1035 1486 ·et
1050 1424 1106 1485 alii
1119 1429 1207 1486 etiam
1224 1426 1345 1506 Latini,

231 1511 404 1595 quaeritat
427 1508 638 1593 cuspinianus,
670 1525 845 1594 sequuntur,
866 1510 1025 1594 inquibus
1047 1508 1187 1573 Consules
1209 1508 1348 1595 deinceps

230 1592 436 1673 radicemur,
479 1594 703 1677 cognominibus
726 1617 825 1656 eorum
847 1609 963 1656 tantum
987 1593 1108 1673 allatis,
1151 1594 1209 1658 boc
1236 1595 1343 1674 modo,

229 1675 368 1762 Βρούτου
390 1681 443 1761 nal
464 1684 661 1745 Κολλατίνου.
703 1683 744 1742 Et
758 1680 918 1742 Panvinius'
931 1682 962 1741 iu
978 1682 1164 1763 Praefatione
1182 1682 1344 1743 Commen-

230 1767 379 1829 tariorum
401 1764 439 1829 ad
460 1767 580 1831 Pastas:
614 1765 800 1828 Nouissimus
821 1768 950 1828 omnium
966 1791 1008 1828 eac
1023 1770 1154 1851 antiquis
1170 1769 1223 1850 qui
1236 1766 1344 1829 Festos

233 1849 423 1928 Consulares,
445 1851 527 1936 quod
545 1855 653 1927 sciam,
671 1854 838 1935 scripserit,
860 1867 902 1912 est
918 1851 997 1917 alius
1015 1855 1078 1913 sine
1097 1855 1215 1925 nomine
1229 1868 1343 1931 auctor,

230 1939 329 2020 quiin
352 1936 511 1999 uniuersali
533 1935 684 2000 Chronico
697 1961 717 1997 a
737 1962 767 1998 se
790 1941 957 2020 conscripta
980 1935 1140 1998 Consulum
1156 1960 1272 2021 quoque
1286 1960 1344 1998 no-

229 2023 312 2081 mina
332 2019 442 2103 adjecit
461 2022 500 2083 ab
528 2025 646 2084 exactis
670 2021 804 2105 Regibus
826 2021 867 2083 ad
889 2024 1019 2103 primum
1044 2024 1122 2098 (imo
1144 2020 1343 2104 vigesimum)
1415 2074 1417 2080 .

229 2104 370 2169 Heraclii
390 2104 581 2190 Imperatoris
606 2131 726 2169 annum.
771 2105 803 2191 la
819 2106 894 2169 liber
907 2108 1111 2168 uetustissimis
1126 2105 1219 2168 literis
1234 2129 1346 2168 exara·

134 2188 158 2242 V
176 2188 195 2243 2
229 2206 277 2251 tus
297 2192 430 2253 inuentus
452 2208 494 2254 est
514 2196 546 2254 in
571 2191 682 2255 Sicilia
703 2196 736 2254 in
757 2195 883 2277 antiqua
904 2190 1096 2255 Bibliotheca
1117 2214 1138 2252 a
1159 2191 1345 2270 Hieronymo

230 2274 350 2354 Surita,
373 2301 390 2343 a
412 2300 516 2362 eraque
536 2277 667 2340 Antonii
679 2274 845 2361 Augustini
861 2274 960 2337 Rotae
971 2276 1134 2340 Auditaris
1153 2276 1346 2362 factumest,

229 2375 262 2422 ut
278 2365 340 2444 ejus
361 2301 432 2423 tiles·
443 2363 616 2445 parsnobis
635 2365 894 2440 transmitteretur,
917 2384 994 2443 puae
1009 2360 1149 2422 Consules
1166 2360 1346 2436 continebat,

229 2449 314 2528 cujus
333 2446 453 2509 auxilio
472 2447 601 2508 multum
623 2446 792 2508 sublevatus
803 2468 869 2507 sum
890 2447 924 2505 in
938 2444 985 2505 bis
1002 2443 1103 2505 Fastis
1117 2444 1345 2508 concinnandis.

228 2533 313 2591 Idem
333 2530 398 2591 Lib.
418 2554 454 2595 rr.
478 2533 511 2594 in
531 2535 658 2594 Praefat.
701 2531 784 2593 Nam
809 2529 935 2605 Oresio,
971 2526 1167 2603 Cassiodoro,
1197 2544 1225 2588 st
1245 2528 1348 2592 Fastis

228 2615 292 2678 illis
323 2614 445 2678 Graecis
466 2642 557 2700 nuper
577 2616 709 2680 Romam
730 2639 772 2679 ear
790 2613 900 2678 Sicilia
918 2616 976 2681 viri
999 2611 1190 2674 eruditissimi
1214 2613 1348 2677 Antonii

229 2701 396 2782 Augustini
405 2724 493 2783 opera
509 2702 658 2775 adductis,
680 2719 708 2764 et
722 2699 841 2787 quidem
861 2698 1123 2782 depravatissimo,
1144 2713 1259 2760 tantum
1275 2723 1346 2765 usus

229 2809 293 2847 sum
316 2788 348 2847 in
371 2786 548 2848 ordinandis
570 2786 755 2850 Consulibus.
800 2785 934 2864 Denique
956 2785 988 2844 in
1010 2784 1137 2845 Praelat.
1156 2785 1195 2844 ad
1211 2786 1276 2848 Lib.
1289 2787 1346 2851 lll,

228 2870 309 2932 Nam
330 2896 420 2956 usque
437 2871 480 2931 ad
495 2864 635 2936 Heraclii
654 2890 787 2955 tempora
807 2870 894 2932 Fasti
912 2864 1022 2930 Graeci
1032 2868 1165 2930 Antonii
1179 2871 1346 2952 Augustini

229 2971 256 3016 et
274 2955 453 3041 Hieronymi
466 2956 584 3019 Saritae
604 2981 692 3040 opera
704 2980 746 3018 eac
759 2954 869 3019 Sicilia
887 2957 919 3015 in
938 2953 1047 3019 Urbem
1060 2952 1178 3016 aduecti
1187 2958 1343 3038 pertinent.

229 3041 293 3102 Hos
310 3043 404 3120 igitur
428 3044 449 3101 F
451 3055 533 3105 astos
554 3044 652 3105 nudos
672 3045 763 3124 primi
791 3044 904 3102 Graece
919 3051 950 3101 st
964 3041 1069 3101 Latine
1081 3034 1248 3118 uulgarum
1260 3042 1348 3186 Sipo-

229 3128 297 3187 nius
320 3138 349 3188 et
366 3130 545 3208 Panrinius,
579 3151 656 3209 quos
680 3125 982 3207 deindeSylburgius
996 3136 1038 3186 to.
1052 3127 1105 3187 ΠΙ.
1120 3126 1270 3188 Historias
1311 3147 1350 3185 u·

229 3210 333 3291 gustas
356 3235 424 3274 ase
438 3215 549 3292 edltas‚
579 3213 770 3295 postmodum
792 3234 866 3273 vero
881 3211 1019 3273 Andreas
1040 3211 1185 3273 Schottus
1204 3211 1348 3292 Stephani

228 3298 360 3358 Vinandi
383 3300 480 3378 Pighii
499 3301 646 3361 volumini
662 3300 701 3360 ll.
721 3298 884 3380 posthuma
901 3299 1069 3372 inseruere,
1093 3309 1138 3376 st,
1162 3308 1197 3357 at
1210 3297 1262 3357 alii
1274 3319 1349 3378 pas·

230 3384 302 3461 sim,
324 3386 347 3442 F
349 3393 429 3444 astas
445 3387 564 3446 Siculos
580 3386 788 3466 appellavero,
821 3383 918 3464 quod,
940 3383 1021 3444 sicut
1036 3383 1195 3460 diximus,
1208 3392 1271 3443 turn
1287 3383 1349 3463 pri·

228 3489 312 3530 mum
328 3470 360 3529 in
375 3471 475 3535 Sicilia
491 3472 595 3534 Codex
609 3472 668 3533 iste
681 3480 821 3552 repertus
835 3469 883 3531 sit.

62 3618 221 3743 0ὲὲἰὲἒὲ
314 3644 366 3704 lll.
410 3643 500 3705 Istius
523 3641 666 3703 chronici
684 3641 838 3723 exemplar
857 3639 939 3701 aliud
962 3637 1091 3700 habetur
1113 3639 1145 3699 in
1159 3636 1349 3699 Bibliotheca

85 3717 421 3826 seriptum-Augustam·
447 3749 539 3791 manu
554 3729 694 3789 Andreae
711 3727 858 3787 Darmarii
875 3724 1045 3805 Antiquarii
1058 3724 1258 3805 descriptum,
1281 3745 1350 3803 pra·

74 3827 110 3879 sit
118 3827 220 3879 Cassu—
231 3815 303 3877 inde
316 3816 404 3875 litera
417 3814 597 3893 recautari,
619 3824 655 3874 ut
668 3823 799 3874 testatur
811 3811 966 3888 Raderus,
988 3821 1019 3871 et
1034 3810 1224 3890 aSylburgio
1237 3829 1347 3871 xxxva

78 3895 220 3950 buniam
235 3902 332 3961 aureis
359 3900 514 3965 Solaribus
537 3908 687 3978 emptum,
720 3909 752 3960 at
774 3896 954 3959 Hoescbelic
986 3897 1146 3973 dandum,
1180 3896 1216 3955 ab
1243 3894 1349 3957 eodem

66 3965 219 4037 Euml'la‘·
232 3985 413 4047 Hoescbelio
426 3984 622 4065 Reipublicae
637 3983 748 4045 deinde
762 3985 951 4063 Augustanus
965 3984 1115 4058 oblatum,
1139 4002 1177 4041 ex
1191 4001 1252 4059 quo
1268 3981 1350 4041 Isaa-

105 4081 109 4088 '
232 4093 285 4131 cus
302 4071 497 4130 Casaubonus
515 4071 659 4150 pleraque
680 4074 849 4150 excerpsit,
875 4089 951 4148 quae
968 4089 1028 4129 non
1043 4067 1135 4128 semel
1159 4067 1192 4125 in
1206 4067 1292 4126 Notis
1311 4064 1349 4124 ad

232 4157 451 4237 Capitolinum,
482 4157 642 4217 Fastorum
663 4158 864 4225 Graecorum,
885 4154 1038 4214 interdum
1060 4153 1248 4227 Siculorum,
1275 4172 1349 4230 quo·

230 4242 322 4301 modo
344 4241 462 4323 primus
483 4243 552 4303 illas
572 4242 695 4303 vocavit
715 4239 893 4321 Onuphrius
912 4241 1089 4317 Patavinius,
1122 4238 1212 4297 titulo
1236 4236 1349 4298 laudat.

231 4326 321 4387 Istius
333 4348 427 4408 porro
441 4328 578 4392 Andreae
593 4328 757 4405 llarmsrii,
786 4346 877 4408 quam
894 4326 1041 4391 Graecum
1055 4334 1253 4386 mercatorem
1264 4321 1350 4383 indi-
