2944 4896
462 274 916 395 cuuomurmcmus.
1173 306 1244 405 ter

70 506 75 517 ·
144 484 268 570 prorsus
289 499 521 553 consentaneam
541 492 679 555 omnibns
698 492 903 574 patefecimus.
946 494 1068 576 Quippe
1084 494 1249 579 Apostolus

145 575 184 634 de
210 575 247 634 iis
274 575 427 654 scribens,
457 576 553 654 dixit,
581 579 706 640 Etoate
725 599 774 640 nes
790 578 907 659 fnermt
926 584 957 641 a'n
976 581 1099 644 Domina
1141 582 1247 663 Neque

143 658 304 740 quisopanm
319 660 496 724 incredibile
514 663 666 724 existimet
685 673 757 745 post
777 663 889 727 Christi
911 687 928 724 a
949 668 1077 727 mortuis
1098 668 1246 730 Resume·

143 745 275 835 ctionem
299 752 463 808 conversos
485 769 550 809 esse
571 752 759 830 septuaginta
776 750 963 832 Discipulos,
984 760 1017 811 et
1035 753 1068 812 in
1090 772 1159 814 eum
1174 774 1247 814 cre-

142 830 272 908 didisse,
294 852 362 892 cum
382 833 465 894 illius
486 855 504 892 a
525 838 654 895 mortuis
666 837 854 897 attenderent
865 837 1140 915 Resurrectionem,
1163 838 1246 918 quod

143 915 277 1006 omnium
299 919 516 979 miraculorum
538 920 632 1001 majus
657 920 776 996 extitit,
799 942 834 980 ac
854 942 961 984 revera
983 933 1037 983 est.
1065 923 1134 1003 Ipse
1155 925 1247 1002 igitur

142 1022 270 1079 magnus
292 1004 435 1064 Pontifex
457 1001 627 1067 Dorotheus
654 1009 769 1086 scripto
790 1006 942 1086 reliquit,
969 1009 1170 1069 venerandam
1192 1013 1247 1069 ae‘-

142 1087 212 1147 dem
234 1098 356 1149 sanctas
376 1096 408 1149 et
427 1088 557 1151 invictae
577 1092 720 1172 Martyris
739 1086 923 1173 Euphemiae
945 1094 977 1152 in
999 1093 1099 1154 Patrio
1121 1115 1139 1152 a
1161 1114 1246 1173 qno-

142 1173 212 1234 dam
235 1173 305 1232 Tito
332 1178 466 1255 primurn
494 1176 588 1238 fuisse
616 1177 785 1239 conditam:
829 1177 881 1263 qui
907 1179 1032 1258 quidem
1061 1179 1148 1239 Titus
1175 1199 1246 1239 cum

141 1258 282 1338 Byzantii
305 1270 381 1320 esset
403 1261 596 1342 Episcopus,
626 1263 658 1322 in
680 1281 775 1342 eaque
805 1263 880 1324 urbe
901 1263 1045 1343 martyrio
1067 1263 1161 1324 vitam
1183 1273 1247 1325 ter-

142 1344 304 1423 minasset,
331 1344 417 1424 juxta
438 1355 556 1407 veteres
583 1368 686 1408 muros
707 1348 862 1428 depositus
884 1357 947 1428 est,
979 1369 1018 1408 ex
1037 1369 1098 1429 quo
1119 1351 1248 1429 Sanctus

142 1429 280 1491 Andreas
303 1430 466 1511 Apostolus
488 1431 623 1493 adhaec
644 1435 710 1494 loca
732 1434 830 1511 venit,
859 1455 920 1513 quo
942 1443 1025 1494 tanta
1055 1433 1248 1495 Christiano-

140 1535 210 1579 rum
232 1515 396 1577 rnultitndo
418 1517 589 1593 confluxit,
617 1529 651 1578 nt
673 1530 720 1579 tot
740 1519 807 1578 aliis
835 1519 868 1579 in
886 1520 962 1580 locis
986 1517 1108 1580 mihime
1129 1521 1248 1583 inveni,-

141 1609 258 1662 rentur.
303 1602 443 1662 Universi
465 1605 544 1663 enim
567 1605 703 1684 Byzantii
724 1604 885 1678 doctores,
908 1604 961 1685 qui
982 1605 1128 1667 hactenus
1151 1607 1248 1669 multa

141 1688 225 1766 passi
245 1687 382 1763 fueraut,
416 1688 583 1768 tyrannicis
604 1711 642 1750 ex
666 1691 795 1769 quadam
817 1689 909 1750 animi
930 1690 1175 1770 pusillanimitate
1197 1691 1248 1753 vi-

141 1772 212 1833 tatis
233 1771 340 1849 minis,
362 1772 416 1845 iis,
438 1774 491 1852 qui
512 1795 552 1835 ex
570 1775 733 1854 gentilibus
756 1776 856 1845 erant,
875 1776 928 1835 vel
949 1796 988 1835 ea
1002 1775 1140 1849 ludaeis,
1164 1775 1246 1835 divi·

141 1878 215 1918 num
238 1858 471 1920 disseminabant
494 1880 686 1937 sermonem,
719 1861 791 1919 Tito
811 1859 922 1919 interea
943 1862 1038 1921 multa
1059 1861 1166 1920 edente
1188 1862 1247 1920 mi·-
1367 1897 1371 1903 ι

141 1943 268 2019 recula,
300 1954 330 2004 et
357 1944 457 2023 qualia
484 1947 627 2009 Servator
655 1947 801 2007 ediderat.
853 1944 960 2004 Adhuc
996 1965 1090 2026 porro
1128 1945 1247 2025 vigente

55 2083 58 2091 .
141 2029 249 2089 Licinii
271 2038 302 2088 et
322 2030 499 2090 Diocletiani
520 2032 703 2111 tyrannide,
733 2032 824 2092 rebus
846 2031 887 2090 ita
909 2051 941 2090 se
962 2030 1166 2103 habentibus,
1192 2031 1248 2091 in·-

141 2114 297 2175 terlicitur.
341 2115 380 2179 st
402 2112 497 2175 Carus
526 2117 716 2198 Imperator,
746 2117 870 2197 ejusque
899 2116 966 2176 lilii'
981 2116 1043 2176 duo
1068 2117 1194 2177 Carinus
1215 2126 1247 2177 et

139 2200 341 2261 Numerianus
362 2202 483 2281 tyranni
505 2201 649 2282 deinceps
671 2202 787 2275 effecti,
811 2203 850 2260 sd
872 2200 1110 2262 Christianorum
1131 2202 1247 2284 suppli·
1358 2196 1364 2212 ’

142 2287 188 2346 cia
210 2285 384 2367 promiscue
403 2287 557 2367 progressi
578 2297 672 2364 sunt,
702 2286 799 2346 exiis
820 2304 917 2364 usque
939 2286 978 2345 sd
1001 2288 1083 2346 mille
1105 2308 1160 2365 per
1181 2287 1248 2347 sin-

79 2410 83 2419 ·
143 2372 228 2451 gulos
250 2370 315 2431 dies
336 2372 518 2432 interfectis:
541 2390 611 2432 cum
632 2371 742 2451 quibus
765 2370 912 2431 Adrianus
932 2373 1021 2430 etiam
1044 2371 1134 2430 Probi
1154 2371 1245 2439 filius,

141 2457 236 2517 morti
255 2476 318 2516 sese
340 2458 489 2538 exposuit„
520 2459 608 2518 Dum
631 2456 710 2516 enim
729 2458 763 2516 in
785 2454 1056 2516 Nicomediensiurn
1080 2456 1155 2516 urbe
1176 2465 1249 2536 post

143 2543 212 2603 Cari
233 2562 337 2603 necem
359 2552 548 2618 versaretur,
569 2543 746 2622 videretque
761 2541 1001 2601 Christianorum
1023 2541 1248 2602 multitudinem

142 2649 161 2688 a
180 2624 298 2688 Licinio
319 2628 385 2689 sine
412 2630 477 2691 ullo
508 2629 629 2690 delectu
656 2628 829 2705 sublatam,
858 2627 1006 2687 accedens
1032 2627 1072 2688 sd
1085 2620 1247 2703 'tribmrah

141 2714 185 2775 ita
206 2712 289 2774 hunc
311 2723 356 2773 est
377 2714 501 2776 affatusa
525 2715 774 2775 carmenum
792 2717 926 2773 sancitus
946 2718 989 2772 itu
1011 2718 1104 2773 tenere
1118 2714 1248 2790 caelioque

142 2800 177 2860 de
201 2820 287 2859 causa
309 2801 494 2881 interficitur?
534 2798 608 2862 Ecce
632 2802 762 2880 pleraque
781 2800 964 2859 Rauracorum
985 2819 1005 2858 a
1025 2800 1149 2858 herbam
1170 2817 1248 2857 ocus

138 2891 253 2966 putatur.
295 2886 372 2945 Tum
401 2885 534 2946 Licinius
563 2886 602 2946 ad
624 2878 808 2961 Adrianum,
839 2885 886 2945 Ars
903 2890 930 2945 et
951 2888 998 2959 tn,
1026 2883 1140 2963 inquit,
1168 2884 1248 2944 cles
1313 2914 1317 2918 ‡

43 3004 46 3009 ·
141 2975 250 3031 maus
269 2971 321 3030 esi
364 2971 420 3031 cui
442 2970 608 3050 Adrianus,
631 2972 800 3044 Quinimmo,
829 2968 887 3046 ait,
917 2970 995 3047 laage
1011 2972 1104 3049 potius
1124 2968 1192 3029 moli
1208 2974 1248 3029 est

139 3062 174 3116 ut
187 3061 219 3117 in
237 3057 291 3116 hcc
310 3048 471 3136 consesn'onb
485 3062 602 3133 monor,
623 3077 704 3137 psum
719 3057 855 3117 Christum
866 3075 966 3132 negem.
1008 3056 1143 3116 Licinius
1165 3055 1248 3114 mul·-

140 3142 182 3204 tis
205 3142 362 3202 tormentis
382 3142 552 3221 intentatis,
574 3142 677 3203 multis
699 3143 788 3202 etiam
808 3136 1030 3200 adulationibus
1054 3151 1084 3200 et
1105 3138 1248 3199 adhorta·

139 3227 278 3289 tionibus
300 3227 409 3306 quibus
429 3227 639 3303 flecteretur„
652 3225 819 3302 adhibitis,
853 3235 888 3285 ut
914 3225 949 3284 in
969 3223 1153 3285 Christianae
1174 3223 1248 3285 fidei

129 3313 332 3374 'confessione
344 3323 533 3374 constantem
546 3312 697 3391 advertit,
715 3310 874 3373 iracundia
889 3331 925 3369 ac
941 3310 1041 3369 animo
1057 3320 1247 3386 exaestuans,

139 3397 224 3481 hpnc
245 3397 346 3459 securi
363 3398 483 3481 percuti
501 3398 600 3478 jussit.
644 3398 714 3472 Quo
740 3397 773 3456 in
802 3395 861 3455 hac
891 3396 1077 3455 confessione
1104 3393 1249 3469 extinctm

140 3482 356 3565 Metrophanes
379 3485 432 3564 qui
454 3504 554 3565 nuper
565 3478 731 3566 (Byzantii)
753 3482 970 3560 Episcopatum
984 3479 1108 3556 inierat,
1132 3496 1250 3538 assunt-

139 3569 202 3651 ptie
225 3568 388 3631 comitibus
411 3568 602 3646 Christianis,
622 3567 828 3629 Nicomediam
848 3565 948 3638 venit,
976 3565 1120 3644 clamque
1136 3562 1248 3624 subus·-

140 3664 210 3737 ptae
230 3654 356 3716 Adriani
375 3655 518 3737 Martyris
539 3655 702 3733 reliquias,
723 3653 754 3712 in
776 3652 874 3733 prima
895 3650 932 3710 ab
955 3650 1030 3729 ipsis
1049 3648 1171 3710 condita
1183 3650 1248 3709 Ec·

141 3740 251 3817 clesia,
279 3761 357 3821 quae
378 3742 469 3803 modo
490 3741 638 3821 Byzantio
660 3738 800 3821 adjacet,
828 3736 898 3803 loco
921 3757 1010 3816 quem
1035 3734 1247 3815 Argyropolim

140 3834 275 3902 vocant,
298 3826 455 3907 deposuit,
475 3826 528 3889 uhi
550 3836 580 3887 et
597 3827 707 3904 Titus,
733 3826 787 3904 qui
813 3822 928 3903 primns
949 3822 1052 3884 extitit
1071 3818 1248 3881 Constanti-

142 3910 290 4058 nopcleos
311 3908 507 3994 Episcopus,
534 3906 687 3989 Adriani,
719 3911 773 3990 qui
802 3905 1044 4007 snb-'Maximino
1057 3903 1246 4005 'martyriam
1284 3990 1287 3996 ἱ

94 4065 97 4070 ,
141 4016 178 4058 sn
198 3998 250 4076 iit,
271 3997 417 4077 reliquias
438 3997 597 4078 deposuit,
613 4007 648 4057 ut
668 4004 700 4058 et
718 3993 851 4063 Natalise
872 3993 956 4052 illins
975 4013 1098 4067 uxone,
1119 4009 1156 4049 ac
1169 4006 1246 4048 cae-

141 4091 278 4149 terorum
299 4084 353 4163 qui
377 4103 447 4145 cum
467 4082 529 4143 illis
545 4083 649 4144 ,vitam
676 4079 823 4160 martyrio
848 4074 1018 4153 finierunt,
1044 4075 1096 4135 ubi
1117 4071 1246 4153 perinde
1354 4148 1358 4159 .

142 4187 175 4229 re
199 4169 310 4231 ositurn
339 4177 406 4229 arat
434 4168 564 4231 cadaver
587 4165 739 4247 Sta'chye,
774 4164 903 4224 uniuse
931 4163 1120 4242 septuaginta
1148 4156 1247 4215 Disci-

90 4290 93 4299 =
143 4273 163 4336 p
199 4255 206 4269 '
235 4298 246 4332 ,
277 4273 369 4336 quens
399 4242 535 4349 Andreas
562 4253 725 4336 Apostolus
751 4250 856 4315 eodem
884 4248 918 4309 iu
939 4249 1008 4307 loco
1028 4247 1161 4327 primum
1181 4240 1265 4321 Bye‘
1293 4264 1297 4295 ι
1324 4256 1327 4265 “
