2992 4894
535 258 842 328 cerasunto.
1040 238 1108 325 ’.
1209 273 1258 352 to

141 438 258 501 Deinde
281 436 503 499 Alexandrinae
520 456 667 501 annorum
689 435 821 519 epochae
832 437 882 499 vel
895 457 997 514 serae,
1020 459 1099 519 quse
1113 448 1144 500 et
1157 437 1258 522 Aegy-
1293 489 1298 496 .

142 526 243 606 ptiaca
258 524 335 598 tuit,
358 525 441 583 nulla
455 523 593 584 estinan
608 524 718 587 menno
725 566 735 599 ,
759 524 812 585 sed
825 526 914 601 lcngs
928 525 1030 605 potius
1044 525 1266 604 Antiochenam

92 669 96 677 ,
141 613 188 671 nti
202 619 308 673 censet
325 609 473 669 Henricns
490 609 627 669 Valesius
640 609 691 686 1);
723 607 934 693 quodquidam
952 606 1137 690 aroenae,
1159 611 1260 693 inquit

142 698 210 773 illc,
238 696 339 759 nescio
358 711 411 755 cur
423 692 563 755 Raderus
581 692 827 757 Alexandrinum
839 696 1004 757 vocaverit:
1031 720 1087 778 ego
1100 713 1176 757 certe
1189 697 1260 759 An·

143 780 313 843 stactenum
327 801 435 841 vocure
452 777 581 842 mallem.
623 778 739 840 Etenim
754 780 861 843 ductor
881 778 964 840 illias
982 775 1122 843 Cirontd
1134 780 1259 865 dilsssm·

143 870 277 929 tissimus
298 880 341 927 est
356 867 387 929 iu
405 864 491 927 rebus
508 864 756 929 Antiochensium
776 862 1042 945 commemorandis
1059 871 1202 942 ataenis,
1232 882 1260 929 et
1275 877 1298 931 P
1315 881 1333 935 6

108 1006 113 1011 .
143 951 293 1015 mensibus
304 972 405 1022 sorum
417 964 555 1033 perpetuo
567 949 704 1029 ultrast),
720 965 753 1011 nt
766 948 838 1011 clim
851 952 953 1011 notavi
965 952 996 1010 in
1002 948 1139 1033 Epistola
1152 948 1194 1013 nd
1204 951 1260 1012 Ja-

144 1036 252 1103 cobnm
279 1035 437 1097 Usserium.
490 1036 529 1095 Et
550 1036 610 1096 alio
633 1036 701 1097 Ioco
717 1035 768 1117 8);
806 1034 974 1101 Chronicon
999 1033 1257 1117 Alexandrinum,

143 1121 227 1205 qnod
241 1118 360 1202 quidem
374 1118 513 1181 libentius
528 1119 748 1183 Antiochenam
764 1123 938 1183 vocaverim.
980 1121 1093 1182 Verum
1106 1121 1178 1183 licet
1194 1121 1258 1181 Au·

144 1217 213 1269 ctor
229 1205 373 1266 Chroniei
393 1226 463 1266 aera
479 1206 664 1267 Antiocheno
681 1228 771 1287 saepe
785 1217 904 1282 utatur,
928 1207 985 1267 alia
1000 1218 1098 1269 tamen
1124 1209 1182 1268 fuit
1194 1206 1258 1269 An·

145 1293 354 1353 tioehenorum
371 1313 387 1350 a
403 1292 516 1353 mundo
529 1293 652 1353 condito
668 1315 761 1363 anuos
774 1293 903 1375 putandi
916 1295 1011 1379 ratio,
1035 1316 1071 1354 ac
1085 1295 1206 1358 diversa
1220 1293 1259 1355 ab

149 1400 183 1439 ea
199 1380 297 1459 queis
315 1379 422 1454 utitur,
443 1388 478 1439 ut
493 1380 527 1440 in
538 1378 596 1439 hac
610 1376 832 1460 Praefatione4)
848 1380 1048 1441 observamus.

228 1549 307 1612 VIII.
337 1549 441 1630 Neque
455 1552 545 1613 etiarn
559 1553 674 1632 potiori
685 1554 754 1635 jure
768 1552 1003 1617 Alexandrinum
1019 1551 1360 1646 6196οηί999ιιρ-Νθ(11η
1382 1590 1409 1627 a,

144 1637 251 1717 pellani
275 1635 425 1714 debuerit,
448 1639 533 1717 quod
551 1639 587 1698 ab
604 1640 811 1700 Alexandrino
832 1642 965 1720 quodam
981 1640 1137 1719 scriptore
1150 1645 1320 1699 exara-lius
1337 1643 1409 1714 quis-

144 1733 210 1781 tum
230 1720 302 1781 inde
323 1722 403 1783 forts
424 1724 588 1784 existimari
610 1725 735 1804 debeat,
757 1725 841 1805 quod
861 1746 929 1786 cum
954 1734 1050 1785 totum
1074 1734 1213 1785 versetur
1229 1714 1339 1837 inpltffl
1356 1714 1427 1796 f⁰¹lfl

145 1807 348 1888 disqttIrendis
368 1808 517 1871 Paschalis
538 1811 722 1871 Festivitatis
742 1820 773 1871 et
796 1811 999 1891 examinandis
1022 1809 1261 1884 difficultatibus,
1270 1783 1422 1911 ”grandn-

145 1894 291 1974 Aegyptii
314 1893 442 1955 maxims
461 1893 582 1976 hujusce
594 1899 813 1978 supputationis
831 1895 1011 1978 peculiarem
1027 1894 1170 1955 habuisse
1181 1895 1262 1954 noti·

145 1981 219 2038 tiam
234 1979 392 2056 dicantur,
414 1990 449 2039 ut
464 1980 599 2060 loquitur
616 1985 645 2044 S.
660 1985 719 2043 Leo
735 1985 832 2062 Papa,
854 2004 910 2045 seu
921 1992 957 2043 ut
973 1982 1128 2043 Proterius
1145 1980 1179 2039 in
1192 1978 1264 2061 Epi·
1381 2040 1386 2047 .

143 2066 222 2125 stola
239 2064 278 2125 ad
294 2067 421 2133 eundem
444 2066 642 2128 Pontificem⁶
656 2077 686 2143 ),
715 2069 799 2148 quod
812 2067 1027 2152 Aegyptiorum
1039 2063 1178 2129 Ecclesia
1193 2085 1264 2124 ms-

145 2163 189 2209 ter
203 2150 323 2231 hujusce
338 2148 452 2212 laboris
474 2153 616 2219 extiterit.
659 2154 754 2233 quue
770 2155 819 2217 vel
830 2155 902 2215 inde
916 2164 1017 2235 patet,
1040 2152 1124 2234 qnod
1138 2152 1170 2211 in
1184 2150 1263 2210 Con-

146 2235 220 2295 cilio
234 2235 362 2295 Nicaeno
377 2257 445 2296 curn
462 2237 618 2298 decretum
632 2239 749 2315 suisset,
771 2240 924 2299 utendam
939 2260 1041 2300 ornnes
1055 2248 1192 2317 tempore
1208 2237 1265 2296 Ec·

147 2320 259 2381 clasiae
279 2319 389 2393 Pascha
405 2322 610 2398 celebrarent,
633 2325 736 2383 datum
753 2324 787 2382 id
802 2324 1015 2384 Alexandrinis
1029 2324 1183 2400 negotium
1196 2320 1263 2381 lue·

144 2407 277 2485 rin-qni
298 2407 440 2486 syderum
461 2429 611 2488 peraeque
633 2421 664 2469 et
677 2407 915 2468 ordinandorum
935 2418 1107 2487 temporum
1121 2407 1266 2466 scientiae

145 2503 232 2552 eram
245 2492 369 2571 majoris
383 2513 473 2572 qnam
486 2495 612 2571 caeteri,
636 2506 666 2555 et
680 2504 716 2557 ut
731 2494 853 2555 illorum
862 2492 1020 2553 Praesules
1035 2491 1203 2570 legitimum
1217 2510 1267 2550 co-

144 2579 284 2639 lebrandi
299 2578 454 2639 Pasobatis
476 2578 557 2645 diem
579 2582 738 2660 quotannis
763 2579 949 2653 invenirent,
970 2599 1007 2638 ac
1023 2577 1149 2636 caeteris
1162 2577 1267 2636 Eccle-
1291 2638 1296 2647 ,

145 2665 198 2725 siis
212 2665 395 2742 iudicarent,
418 2666 502 2743 quod
516 2667 603 2744 longa
619 2677 688 2759 apte
709 2666 820 2726 Christi
834 2665 1020 2725 nativitatem
1037 2663 1207 2723 factitatum
1220 2671 1267 2721 te·

145 2760 243 2813 statur
255 2751 384 2811 loannes
408 2751 597 2832 Philoponns
615 2751 660 2832 θ).
707 2752 795 2812 Adde
810 2749 894 2831 quod
908 2751 1028 2811 Auctor
1040 2749 1119 2809 idom
1132 2745 1268 2807 Pascha-

144 2836 182 2895 lis
200 2835 341 2896 Chronici
355 2837 470 2914 Regum
481 2840 639 2899 Persarum
658 2858 755 2918 usque
772 2837 810 2901 ad
827 2836 1034 2898 Alexandrum
1049 2835 1090 2894 M.
1107 2854 1142 2892 ac
1155 2831 1265 2895 deinde

144 2921 365 3002 Aegyptiorum
380 2923 495 3000 Regum
514 2944 552 2983 ex
572 2925 748 2986 Ptolemaeis
765 2943 861 3003 usqua
885 2922 923 2982 ad
941 2923 1131 3002 Cleopatram
1146 2917 1267 2983 Catale-

103 3086 107 3091 .
145 3020 218 3085 gum
230 3007 388 3083 describit,
411 3019 438 3067 et
455 3029 549 3068 annos
564 3012 647 3088 regni
661 3011 814 3091 cujusque
824 3018 964 3069 accurate
979 3014 1115 3069 recenset
1129 3025 1164 3064 ac
1177 3023 1268 3085 prae·

145 3092 225 3171 figit,
247 3093 300 3154 sed
325 3103 355 3153 et
375 3093 537 3171 singularia
559 3096 706 3174 quasdam
723 3099 761 3156 de
778 3094 958 3157 Alexandria
979 3093 1109 3154 subinde
1123 3087 1266 3151 intermi-

147 3188 229 3255 scet,
250 3200 280 3239 v.
296 3199 325 3257 gs
339 3178 392 3237 nbi
415 3179 453 3239 da
465 3179 563 3239 Pharo
585 3182 735 3261 quuitur,
756 3191 870 3243 etcum
891 3202 907 3239 a
928 3179 1118 3241 Diocletiano
1139 3174 1266 3256 praebi-

144 3274 211 3327 tum
231 3283 296 3326 esse
312 3265 422 3325 Panem
445 3275 626 3327 castrensem
639 3268 853 3329 Alexandrinis
876 3287 955 3326 anno
969 3264 1093 3344 Imperii
1103 3282 1192 3322 xvsu.
1209 3261 1267 3320 nb-

76 3396 79 3399 ·
147 3359 263 3423 servm
286 3371 321 3409 ac
343 3349 493 3427 interdum
508 3372 624 3413 menses
649 3353 867 3433 Aegyptiorum
884 3351 1025 3411 admittit.
1049 3348 1181 3419 ¹Verum
1197 3345 1266 3426 pori

145 3436 265 3495 ratione
286 3438 420 3496 Romano
442 3436 591 3517 cuipiam,
623 3441 675 3503 vel
697 3441 833 3513 Graeco,
864 3436 1028 3497 vel'etiam
1048 3430 1163 3491 Judaeo
1185 3429 1265 3491 idern

141 3522 226 3583 alius
249 3521 327 3583 lorte
351 3522 560 3602 adscripserit,
605 3526 687 3603 qnod
712 3525 784 3586 anni
801 3543 857 3605 per
884 3523 969 3583 Coss.
992 3540 1048 3600 per
1068 3516 1266 3598 Olympiadas

149 3607 361 3669 Alexandrinis
380 3608 564 3688 incognitas,
611 3609 699 3693 (licet
720 3632 790 3672 suas
812 3608 886 3673 alias
911 3605 1109 3688 Olympiadas
1126 3602 1266 3663 babuisse

183 3885 220 4024 i³)
234 3883 939 4023 Iolllsq‘llllslfllllllls'.‘hdoldsl‘ssa
961 3951 1024 4006 269.
1049 3930 1111 4002 er'o.
1129 3946 1191 4002 era.
1207 3945 1269 4000 ore.

217 4024 277 4078 299.
297 4025 358 4079 eoo.
375 4025 435 4080 292.
454 4023 514 4080 294.
534 4026 593 4079 296.
612 4025 672 4079 996.
689 4025 750 4078 aar.
768 4026 830 4081 926.
847 4025 909 4080 aas.
927 4022 951 4077 s.
969 4019 1032 4078 994.
1050 4019 1075 4071 s.
1093 4015 1155 4072 an.
1171 4016 1234 4070 962.

200 4092 216 4161 )
233 4092 399 4218 grecttlotssad
415 4092 515 4147 Euseb.
533 4110 561 4164 p.
577 4090 638 4150 434.
656 4095 684 4148 2.
701 4093 750 4159 etl.¹

235 4230 437 4356 {IIIast'dfssafleo
455 4316 481 4370 p·
496 4301 559 4356 290·
