2992 4894
528 294 835 397 PRAEFATIO.
1193 307 1241 382 19
1363 356 1369 367 .

132 470 292 536 circuitum
316 464 474 549 exbibens,
495 488 576 531 enno
595 489 616 531 1.
637 463 829 551 Imperatoris
843 465 1026 531 Alexandri
1043 474 1241 555 computatio·

132 580 200 619 πονο
229 570 393 637 temporum
423 552 648 619 circumscribit.
695 554 735 615 Et
762 574 803 615 ex
825 554 956 616 Eusebio
975 555 1176 639 Hieronymus
1201 559 1239 621 de

132 637 641 723 Scriptoribni·Ecolesisstiois¹):
675 636 878 722 Hippolytus,
906 638 1061 723 cujusdem
1088 640 1240 706 Ecclesiae

131 726 320 809 Episcopus:
348 726 475 803 (nomeu
505 727 613 808 quippe
638 722 721 786 urbis
747 724 853 786 rescire
876 748 935 788 non
963 726 1070 807 potui)
1096 730 1239 791 rotiomm

131 810 284 889 Poecbue,
305 825 523 893 temporumque
533 807 667 872 Οοοοοιν
686 811 822 891 scripsit,
843 833 934 894 usque
946 807 990 870 od
1006 831 1028 872 1.
1042 834 1152 873 annum
1162 811 1241 875 Ah·

130 893 253 958 mandri
279 892 489 976 Imperatoris,
523 909 555 955 et
576 914 642 955 xm.
668 916 814 956 annorum
840 892 985 957 circulum
1016 919 1101 979 quem
1133 894 1240 961 Graeci

132 980 417 1066 ἕκκαιᾶεκαετηρίδν
449 994 574 1056 nocent,
606 980 725 1061 reperit,
753 993 781 1040 et
806 977 932 1041 Eusebio
954 982 1007 1064 qui
1028 1004 1114 1064 super
1141 980 1241 1045 eodem

134 1064 254 1131 Pnsodo
278 1064 424 1126 Οωιοηενη
448 1061 546 1125 decem
567 1079 595 1126 et
612 1086 714 1125 novem
735 1087 880 1127 annorum
902 1063 1063 1138 circulum.
1084 1063 1119 1127 id
1138 1080 1181 1128 est
1193 1066 1241 1132 lt·

131 1152 385 1235 oeedesnsrsppldu
399 1151 578 1233 composuit,
592 1151 784 1214 ‚oceouonem
800 1147 891 1213 dedit.

220 1320 303 1382 xlv.
344 1318 528 1383 Pssehelimn
535 1340 630 1395 vero,
652 1340 730 1400 qnae
749 1319 858 1380 fusiori
876 1319 1068 1381 illustrentur
1079 1320 1238 1383 Commen-
1246 1312 1405 1396 Pstfffflffiuffl

133 1404 228 1482 torio,
249 1405 336 1466 binse
348 1423 471 1467 rursum
490 1414 561 1466 sunt
581 1407 705 1486 speeies.
748 1406 814 1466 dlis
829 1405 942 1486 quippe
960 1406 1066 1467 ordine
1077 1383 1371 1503 chronolo-,fiumorum

1 1492 2 1499 ’
132 1491 221 1569 gico,
249 1511 304 1551 eeu
327 1490 417 1570 juxte
438 1500 608 1572 temporum
628 1490 735 1552 seriem
758 1491 945 1568 digeruntur:
975 1492 1034 1551 elis
1056 1492 1087 1553 in
1105 1468 1312 1577 mehoffissf
1325 1466 1386 1524 ψ’

1 1613 2 1620 1
131 1577 263 1637 formem
285 1577 534 1654 conscribentur,
564 1596 624 1656 qus
647 1597 707 1637 non
726 1577 818 1639 modo
842 1573 1014 1651 Pnecbsles,
1037 1577 1173 1657 elisoque
1194 1578 1237 1638 fs-

131 1661 298 1740 stivitstes,
324 1661 378 1721 sed
406 1668 438 1723 et
462 1673 579 1723 csetsrs
602 1682 679 1741 queo
693 1664 727 1721 in
743 1662 954 1723 Ecclesiasticis
973 1663 1123 1743 computis
1137 1682 1242 1724 recen·

131 1747 264 1809 fioribus
286 1746 416 1827 disquiri
437 1749 552 1823 solem,
580 1747 808 1827 investigentur.
859 1747 955 1826 Atque
980 1757 1015 1807 ut
1041 1768 1059 1807 s
1080 1747 1242 1808 fusioribus
1298 1778 1304 1792 ·

133 1832 306 1908 ordiemur,
327 1832 445 1911 primns
464 1833 664 1913 Hippolytus,
685 1833 772 1914 cujus
793 1850 866 1893 mox
885 1832 1088 1907 meminimus,
1109 1853 1143 1892 eu
1165 1832 1243 1893 scri·

118 1917 224 1979 -bendi
238 1918 355 1979 ratione
371 1937 443 1978 usus
455 1918 582 1979 dicitur:
604 1939 663 1998 que
678 1918 799 1997 digentis
822 1939 839 1978 e
857 1916 969 1978 mundo
992 1917 1115 1978 condito
1132 1916 1171 1976 sd
1189 1937 1243 1977 sus

131 2022 230 2082 usquo
248 2013 384 2084 tenpore
402 2005 510 2083 elspsis
532 2004 616 2063 snnis
624 2053 635 2081 ,
665 2003 866 2065 sedecennslis
887 2003 972 2083 cycli
997 2026 1014 2063 a
1034 2022 1066 2062 se
1080 2002 1196 2083 reperti
1210 2004 1243 2063 in

130 2088 316 2149 inveniendo
331 2088 478 2151 Pssehste
497 2088 673 2151 methodum
692 2089 839 2165 firmsrst,
861 2088 1021 2169 descriptis
1043 2087 1185 2163 subinde,
1208 2098 1243 2149 ut

130 2190 209 2233 vero
227 2182 272 2233 est
295 2174 405 2249 simile,
426 2173 621 2235 Pascbelibus
643 2175 754 2253 Pestis,
775 2173 933 2253 Legslibus
954 2175 1035 2234 forte
1056 2183 1087 2234 st
1099 2172 1244 2234 Christia-

130 2259 193 2318 nis.
239 2256 329 2330 Quod
353 2258 474 2338 quidem
498 2279 575 2339 opus
597 2259 637 2325 sd
659 2259 823 2321 dlerendri
837 2259 940 2319 Severi
955 2258 1151 2341 imperatoris
1166 2267 1243 2319 tem·

131 2363 212 2425 pore
224 2334 385 2421 perduxit,
405 2353 441 2403 ut
454 2364 493 2404 ex
507 2343 630 2404 Eusebii
652 2344 742 2404 slluto
763 2344 833 2402 loco
850 2341 1012 2417 doeemur,
1032 2344 1064 2401 in
1084 2362 1146 2420 quo
1167 2352 1243 2404 tem-

131 2442 246 2509 porum
268 2426 503 2508 descriptionem
524 2428 666 2509 exposuit
683 2450 699 2489 s
719 2426 823 2487 mundi
838 2426 964 2487 conditu
979 2426 1018 2486 sd
1032 2425 1157 2486 eundem
1172 2426 1243 2487 Als-
1260 2420 1263 2427 ’

130 2513 300 2588 xendrum,
321 2514 371 2575 cui
389 2514 510 2575 demum
532 2534 676 2575 esuousm
698 2511 903 2574 sedecennslis
924 2510 1011 2591 cycli
1030 2508 1186 2591 prssfixit3
1209 2509 1243 2570 id
1260 2498 1282 2552 Ρ
1304 2502 1336 2558 ¹1

132 2599 216 2659 enim
238 2597 374 2658 indicere
393 2599 515 2660 videtur
531 2620 594 2661 vox
614 2601 753 2682 προθείς.
796 2597 891 2659 Aliud
908 2606 1007 2658 sutem
1025 2596 1110 2656 fuere
1129 2595 1245 2675 Hippo·

131 2684 193 2763 lyei
213 2683 292 2743 ratio
311 2683 461 2761 Paschae,
489 2696 721 2766 temporumque
745 2685 899 2759 (lenones,
927 2682 973 2742 uti
992 2680 1182 2761 sppellentur
1205 2680 1252 2751 ub,

132 2769 336 2849 Hieronymo,
373 2770 458 2830 eliud
486 2771 588 2836 Cenon
615 2769 912 2850 issssdesomnpidor
936 2768 974 2827 eb
1000 2767 1054 2826 illo
1089 2766 1243 2827 iuventae:

133 2854 220 2935 quod
238 2862 269 2917 et
291 2855 382 2915 docet
400 2856 498 2937 ipsius
517 2856 677 2938 Hippolyti
697 2857 799 2916 Concu
821 2874 911 2934 quem
931 2852 1027 2914 edidit
1042 2851 1191 2929 Scaliger,
1213 2858 1245 2910 st

134 2959 177 3001 sx
200 2961 236 3001 eo
257 2940 327 3018 elii,
348 2941 382 3001 in
405 2961 465 3020 quo
480 2942 558 3003 inter
578 2942 660 3002 illius
684 2961 776 3023 opere
801 2947 974 3001 recensetur
995 2933 1157 3012 Απόδειξις
1175 2930 1245 3018 χρό·
1273 2937 1276 2946 ’

132 3047 199 3088 νων
226 3029 282 3089 rod
305 3018 415 3107 Πάσχα
432 3022 509 3089 senei
531 3027 566 3091 ἐν
589 3032 631 3112 τῷ
651 3028 764 3091 πίνακι.
808 3025 865 3085 Ubi
884 3023 1016 3102 Scaliger
1038 3020 1244 3103 reponendum

132 3119 225 3191 putat
242 3109 296 3173 stol
313 3106 369 3186 cd,
389 3114 441 3173 vel
457 3109 542 3175 ναθᾶ
551 3156 560 3188 ,
581 3112 665 3193 quod
683 3121 866 3193 postremum
881 3109 1046 3172 maluerim.
1088 3108 1162 3167 Nem
1177 3104 1244 3180 etsi,

133 3205 174 3256 ut
192 3205 224 3255 ot
241 3194 423 3268 Bucherius,
443 3199 571 3258 slterum
594 3199 762 3278 praeierat,
790 3197 879 3278 quie,
905 3194 1063 3274 inquiunt,
1091 3185 1245 3264 ἀπόδειξις

133 3290 167 3342 et
181 3281 274 3357 πίναξ
288 3281 375 3360 louge
391 3282 511 3343 diverse
532 3291 619 3359 sunt,
638 3284 682 3343 ite
702 3281 779 3343 benc
791 3283 882 3343 verbs
898 3279 1044 3360 cupienda
1067 3274 1243 3363 censuerim,

133 3374 172 3427 ut
194 3360 347 3442 οἷπόδοιξις
359 3376 531 3448 temporum
549 3364 702 3429 Psselsetis
720 3367 806 3447 juxto
820 3366 953 3446 regulam
967 3363 1001 3423 in
1015 3362 1117 3422 tabule
1131 3359 1244 3419 descri-

133 3460 220 3532 ptum
243 3462 381 3530 exarato,
410 3464 440 3513 st
470 3453 635 3514 secuudum
661 3454 838 3528 Eusebium,
875 3449 971 3510 eidem
995 3445 1080 3527 operi
1110 3443 1244 3527 praefixe

134 3538 244 3597 fuerit:
273 3538 332 3603 nisi
351 3539 528 3600 admittetur
548 3540 660 3601 codicis
685 3538 811 3598 Medicei
834 3536 939 3611 lectio,
961 3530 1128 3615 προσθεὶς,
1157 3529 1244 3610 cujus

134 3620 271 3683 meminit
294 3623 446 3698 valesius,
475 3634 510 3685 nt
531 3624 632 3685 sddits
653 3624 759 3699 fuerit,
782 3620 865 3702 quod
879 3620 960 3682 idem
974 3620 1037 3678 lere
1051 3618 1149 3692 velet,
1169 3624 1245 3675 tsm-
1260 3613 1286 3667 V
1303 3617 1338 3671 10

92 3699 102 3722 ’
136 3707 193 3768 etsi
207 3707 358 3768 subditam
378 3702 479 3790 potius
500 3710 641 3772 videatur
662 3709 783 3770 omnino
808 3707 942 3768 indicere
961 3704 1094 3785 ejusdem
1115 3699 1244 3760 Cenonis

135 3791 258 3868 lemme,
280 3794 362 3873 quod
378 3794 461 3857 hisco
476 3795 578 3856 verbis
599 3806 775 3876 conceptum
793 3794 920 3872 legiture
943 3790 1026 3864 ἔτους
1046 3782 1073 3850 α’
1094 3785 1245 3867 βασιλείας

135 3872 332 3959 Αλεξάνδρου
346 3874 575 3962 Αὐτοκράτορος
586 3880 700 3964 ἐγένετο
714 3878 738 3962 η’
753 3883 804 3942 ΔΙ
812 3880 878 3941 »τοῦ
892 3870 1000 3956 Πάσχα
1021 3873 1115 3945 εἰδοῖς
1131 3872 1245 3951 Aaou

137 3964 233 4040 tinec,
256 3959 396 4070 σαββάτῳ
421 3966 584 4051 ἐμβολίμου
607 3961 704 4049 pundo
721 3962 900 4047 γενομένου·
923 3959 1003 4024 iores
1020 3963 1084 4031 τοῖς
1101 3955 1170 4035 ἑξῆς
1185 3952 1245 4016 ἔτε-

140 4065 189 4110 σιν
212 4055 320 4123 seduc
338 4047 543 4131 ὁποτὲνοχθαι
561 4050 595 4114 ἐν
617 4056 661 4135 τῷ
680 4053 803 4114 πίνακι·
835 4044 951 4131 ἐγένετο
965 4039 998 4108 d'
1018 4042 1052 4105 ἓν
1065 4046 1128 4113 τοῖς
1142 4060 1244 4122 well·

146 4229 353 4241 *-
405 4224 412 4239 Q

171 4337 204 4407 ¹)
220 4337 290 4409 Cep.
306 4341 349 4394 61.
385 4330 393 4349 ‘
