2992 4894
510 318 821 391 russasrro.
1171 333 1217 409 61

114 493 155 555 ait
176 512 211 554 aa
234 488 422 573 Pythagorae
443 492 496 554 lex
513 494 595 576 apud
615 496 788 577 synesium:
819 494 838 561 o‘
859 491 953 578 νόμος
966 494 1024 563 osis
1046 499 1086 587 ip?
1099 505 1162 576 τοῖς
1177 504 1221 584 βι·
1239 515 1262 570 Ρ
1278 518 1313 574 36

113 579 212 663 βλίιις
230 578 399 655 trenorcio,
420 573 494 645 itta
512 576 652 662 βούλεται
665 581 767 664 μένειν
785 576 863 645 orinal
883 581 934 646 tat
955 588 1011 666 τῆς
1027 582 1148 669 πρώτης
1166 611 1223 669 χει·

113 662 184 748 pie,
205 660 293 738 irrue
307 661 457 745 ιωτὲέσχε
474 661 565 747 τύχης
586 663 609 749 ἢ
631 668 744 749 τέχνης.
786 668 871 730 Unde
888 668 976 747 longe
990 674 1083 735 sanus
1099 673 1223 737 videtur
1270 719 1272 722 ι

111 752 307 832 conjecturas
328 750 379 811 val
403 753 625 813 emendationes
657 753 840 831 marginibus
860 753 1044 833 adscribere,
1074 778 1164 836 quam
1189 761 1223 821 in

109 846 230 899 textum
251 837 370 916 ipsum,
392 845 505 897 temere
525 859 630 919 saepe,
658 839 834 916 immittere,
861 838 960 900 donec
982 842 1064 902 aliud
1085 846 1222 905 emenda.

106 923 174 983 ‘tius
200 931 344 983 occurrat
367 925 536 1002 exemplar,
566 945 604 985 ex
627 945 689 1004 quo
711 925 883 1005 castigatior
904 926 1024 988 tandem
1046 926 1137 989 editio
1151 950 1222 1009 pro-

112 1007 193 1068 deat.
243 1007 318 1069 Naro
344 1027 413 1069 cum
437 1007 533 1070 hocce
555 1010 638 1089 quod
659 1011 831 1071 recudimus
855 1010 1025 1073 Chronicon
1049 1033 1109 1075 non
1131 1015 1222 1077 modo

110 1092 263 1154 Paschale
281 1091 343 1152 dici
363 1091 484 1165 debeat,
511 1096 562 1154 sed
587 1104 616 1154 et
643 1097 805 1156 Consulare
826 1098 972 1176 appellari
1001 1099 1109 1178 possit,
1139 1099 1222 1178 quod

109 1180 287 1239 universam
300 1178 460 1239 Fastorum
474 1181 682 1241 Consularium
696 1184 802 1242 seriem
817 1185 1051 1263 complectatur,
1074 1183 1221 1263 quicquid

109 1264 141 1325 in
162 1265 201 1324 iis
215 1264 407 1325 illustrandis
421 1267 559 1327 conferre
581 1276 697 1347 potest,
717 1266 792 1327 huic
811 1267 1051 1348 subjungendum
1066 1268 1220 1344 dommus,

112 1359 204 1429 atque
217 1350 252 1409 in
265 1349 370 1430 primis
383 1350 489 1413 Festos
502 1352 571 1413 illos
586 1354 717 1415 Graecos
732 1373 808 1433 quos
821 1373 912 1435 supra
925 1354 1066 1417 laudatus
1079 1355 1221 1417 Dodwel·

110 1437 160 1499 lua
173 1435 356 1517 publicavit.
925 1478 928 1487 ι

195 1603 276 1665 XLl.
320 1605 406 1666 Certa
423 1604 499 1666 alios
519 1606 556 1665 ab
577 1606 615 1669 iis
633 1606 770 1668 extitisse
786 1603 964 1668 Consulares
979 1608 1099 1682 Fastos,
1114 1606 1137 1668 'a
1152 1608 1218 1689 qui·
1231 1622 1272 1677 De
1289 1623 1383 1680 [emo.

108 1689 167 1751 bus
186 1711 260 1750 suos
278 1688 401 1753 haurire
418 1697 551 1770 potuerit
572 1694 702 1772 scriptor
721 1692 876 1771 chronici,
899 1693 1036 1755 dubitare
1055 1715 1115 1753 non
1133 1695 1279 1756 linctum
1296 1697 1384 1748 condi·

109 1778 229 1836 Auctor
243 1787 291 1836 est
303 1777 380 1837 enirn
393 1775 578 1857 Theophilus
595 1779 648 1839 lib.
663 1800 710 1838 111.
723 1779 759 1838 ad
778 1779 959 1858 Autolycum
971 1778 1006 1858 ¹)
1028 1781 1131 1838 Festos
1144 1800 1219 1838 con·
1242 1763 1351 1818 “silut

109 1863 268 1942 scripsisse
291 1860 501 1941 Chryserutem
519 1864 775 1927 Nomenclatorem
785 1910 794 1940 ,
822 1885 859 1923 sc
879 1864 973 1925 Marci
992 1864 1135 1925 Antonini
1150 1865 1219 1924 Veri

108 1946 306 2028 Imperatoris
320 1947 472 2023 libertum,
495 1968 571 2028 quos
586 1950 637 2017 ille
652 1949 690 2009 ab
709 1951 741 2009 U.
757 1950 787 2008 C.
805 1949 843 2009 ad
856 1950 928 2010 Veri
941 1949 1063 2030 patroni
1078 1951 1124 2009 sui
1140 1970 1219 2009 mor·

109 2042 170 2095 tem
197 2031 358 2113 perduxit,
381 2032 736 2114 descriptis'nomimbus
760 2036 940 2110 Consulum,
972 2045 1001 2095 et
1021 2035 1106 2097 annis
1127 2036 1163 2098 U.
1187 2036 1218 2095 C.

108 2116 153 2177 lta
167 2120 247 2179 enim
262 2116 421 2198 Theophili
436 2120 539 2181 locum
563 2118 681 2201 pridem
700 2121 896 2180 emendarunt
911 2121 1121 2194 casaubonus,
1146 2123 1218 2181 Sco·

108 2202 203 2280 liger,
226 2202 388 2279 Macrales,
410 2205 562 2279 Patavina,
585 2215 641 2265 etc.
685 2205 743 2265 Sed
766 2216 796 2265 et
818 2226 834 2264 a
854 2207 1059 2285 compluribus
1076 2205 1142 2267 aliis
1157 2206 1219 2264 Fa-

109 2297 175 2362 etos
188 2287 378 2352 Consulares
399 2288 493 2349 fnisse
523 2289 712 2368 conscriptos
740 2291 838 2367 palam
863 2299 918 2348 est.
971 2290 1218 2369 Capitolinorum,
1323 2360 1326 2365 ¹

109 2392 243 2453 quorum
270 2384 424 2435 auctorem
445 2374 579 2433 Marcum
606 2374 770 2434 Valerium.
790 2373 932 2435 Flaccum
963 2395 1002 2433 ex
1019 2375 1162 2433 Suetonio
1186 2377 1219 2432 in

108 2457 320 2519 Grammaticis
344 2459 515 2521 illustribus
540 2462 680 2539 opinatur
699 2458 880 2532 Panrinius,
914 2458 1079 2536 fragmenta
1099 2458 1219 2537 pridem

108 2545 190 2611 edita
207 2546 245 2605 in
264 2544 404 2607 manibus
419 2545 550 2605 omnium
569 2555 735 2607 versantur.
780 2543 940 2607 Eusebium
954 2543 984 2603 in
999 2541 1149 2602 Chronico
1162 2561 1217 2603 suo

108 2629 213 2691 seriem
238 2631 403 2690 Consulum
427 2631 619 2710 descripsisse
638 2640 685 2697 sat
699 2627 807 2693 validis
823 2631 1005 2708 argumentis
1021 2627 1131 2708 probat
1146 2629 1218 2687 Sca·

107 2710 248 2798 tige1·²):
269 2735 390 2794 exque
412 2734 482 2781 suos
503 2717 580 2775 male
605 2717 734 2794 digestos
754 2716 871 2776 fortean
894 2713 1090 2793 ¹erciscripserit
1110 2721 1218 2785 auctor

107 2798 254 2870 Chaomci
274 2802 357 2880 quod
372 2800 609 2865 alexandrinum
631 2802 826 2882 appellamus.
872 2800 955 2861 Hanc
974 2799 1082 2859 seriem
1098 2798 1218 2857 Consu-

107 2884 171 2944 lum
194 2908 211 2944 a
236 2906 285 2960 se,
309 2897 344 2949 ut
361 2887 483 2965 opinor,
506 2895 677 2948 contextam
698 2885 847 2945 Chronico
865 2886 983 2951 Graeco,
1003 2883 1136 2966 ejuadm
1151 2883 1219 2941 Eu-

109 2971 184 3030 sebii
204 2970 334 3032 inseruit
355 2968 434 3033 idem
462 2973 594 3050 Scaliger
619 2988 714 3051 usque
741 2971 779 3030 ad
804 2972 999 3031 &conlatum
1030 2967 1217 3031 Constantini

107 3057 246 3117 Caesam
261 3057 299 3121 V.
317 3068 345 3115 et
365 3054 477 3118 Basilii.
520 3059 631 3137 integri
654 3079 691 3116 ex
713 3055 873 3136 Anonymo
892 3058 954 3116 MS.
975 3055 1014 3116 ad
1033 3053 1216 3115 Gotthorum
1233 3052 1259 3108 V
1275 3052 1310 3109 ³³

107 3150 245 3221 tempora
261 3162 322 3221 perv
331 3142 528 3221 quadriennis
544 3142 647 3222 digesti
658 3143 820 3202 laudantur
835 3162 895 3202 non
914 3143 1003 3203 semel
1022 3140 1217 3219 aCuspinia-

107 3246 161 3289 no.
206 3228 358 3287 Ausonius
375 3248 472 3287 annos
492 3230 575 3288 abtJ.
591 3230 624 3290 C.
638 3228 860 3306 Consulumque
881 3228 985 3287 seriem
1003 3226 1040 3285 ad
1057 3245 1143 3285 suum
1158 3244 1217 3283 us-

108 3332 168 3390 qua
187 3313 386 3375 Consulatum
410 3302 622 3393 descripserat,
649 3322 738 3392 atque
757 3322 792 3373 ut
809 3313 948 3384 videtur,
970 3311 1137 3391 perlustra
1157 3309 1217 3367 lu-

107 3397 189 3457 lians
212 3399 373 3477 digestam,
396 3418 486 3476 quom
509 3400 635 3459 eandem
656 3419 719 3459 case
737 3399 806 3457 vult
819 3398 951 3474 Scaliger
967 3417 1057 3475 quam
1071 3394 1216 3453 Eusebius

108 3481 263 3543 Chronico
286 3504 341 3545 suo
362 3484 541 3564 inseruerat.
583 3487 712 3544 Senator
730 3503 782 3542 seu
794 3481 989 3542 Cassiodorus
1001 3481 1105 3539 Festos
1119 3498 1215 3557 usque

109 3569 156 3628 ad.
167 3589 225 3629 sua
243 3579 379 3649 tempora
400 3570 515 3650 pariter
536 3569 695 3650 perduxit,
718 3589 793 3649 quos
810 3590 825 3627 a
845 3568 930 3628 Livio
945 3576 975 3626 et
989 3564 1109 3625 Aufidio
1122 3566 1215 3623 Basso

108 3656 222 3734 partim
238 3674 269 3714 se
280 3652 416 3715 houmere
431 3655 482 3732 ait,
502 3656 611 3735 partim
627 3675 665 3715 ax
680 3651 883 3730 Paschalibus,
905 3651 1004 3733 (unda
1018 3661 1102 3731 patet
1114 3649 1217 3708 omni-

109 3757 151 3798 no
160 3740 194 3799 in
209 3738 367 3801 Paschales
382 3740 483 3802 illatos
499 3741 679 3801 Consulares
698 3740 818 3815 Festos,
839 3740 884 3799 uti
899 3732 1102 3818 monuimus,)
1124 3745 1215 3794 uter-

17 3834 19 3899 ᾗ
110 3844 171 3903 que
184 3826 330 3903 Prosper,
355 3826 466 3885 Marius
482 3826 703 3902 Aventiosnsis,
727 3825 832 3885 Victor
844 3823 1067 3896 Tunnun'snsis,
1087 3818 1215 3880 Marcel·

109 3908 206 3979 liuus3
228 3920 384 3990 praeterea
403 3912 561 3988 Victorius,
583 3912 758 3992 Anonymua
774 3910 811 3970 de
823 3900 987 3969 ‘Praefectis
999 3907 1080 3978 urbi,
1101 3905 1216 3963 Auctor

110 3993 268 4085 Paschalis
276 3995 415 4057 laterculi
431 4019 447 4056 a
462 3997 654 4058 Constantino
670 3996 708 4058 ad
721 3995 940 4069 Theodosium,
963 3993 1077 4055 Auctor
1091 3989 1128 4049 de
1139 3989 1214 4048 Pon·

111 4171 320 4183 *-

146 4279 181 4381 l)
198 4280 313 4403 lh1N5dt
334 4347 366 4402 ad
384 4349 481 4404 Clusa.
497 4349 595 4404 Euseb.
610 4368 637 4422 p.
653 4352 679 4405 9.
697 4296 782 4404 cti99·
