2996 4898
304 356 307 363 ’
367 358 411 426 ΙΝ
435 356 682 428 cuuoulcou
709 358 926 426 resonum.
1134 353 1211 432 473

19 540 20 577 ἓ
114 547 158 589 uo
173 534 287 589 πίω.
330 525 418 588 Prior
438 544 543 607 nempe
564 545 661 587 annus
682 526 799 607 primus
815 525 874 586 luit
888 523 1020 605 imperii,
1040 523 1117 586 ulter
1132 524 1213 589 Cou-

115 612 236 672 eulatus.
280 610 321 672 At
347 612 379 672 in
410 612 482 674 edit.
509 613 653 692 Scaligeri
681 612 751 673 enni
779 610 925 675 duntuet
946 610 1068 691 lmpsrii
1087 609 1212 688 singulie

114 697 225 757 Tiberii
245 701 331 757 uenis
353 695 585 779 praefigunturs
607 707 697 779 etque
717 698 761 757 ita
782 697 938 763 edidimus.
981 695 1212 761 Observandum
1278 732 1279 737 κ

114 793 262 862 praeterea
283 783 313 843 in
335 783 431 864 ipeius
452 784 581 845 nummis
602 806 619 844 a
641 781 728 844 uobis
753 782 911 844 delineatio
929 780 1038 843 ,habitu
1058 779 1213 844 Consederi

114 867 175 927 iere
195 888 314 949 eemper
334 867 445 947 effingi,
465 868 497 930 id
518 879 652 930 osteum
675 870 753 945 Loro
775 879 805 929 et
825 889 875 929 ace
898 877 946 929 tro
962 867 1137 947 equiligero‚
1159 856 1213 931 ad·

114 951 296 1015 ditls.etiem
319 953 403 1014 anuis
427 953 564 1037 Imperii,
585 954 738 1016 interdum
761 954 856 1031 etiam¹
871 890 1031 1015 dueentem
1051 951 1213 1032 dignitatis.

95 1037 193 1099 -dnni
214 1039 329 1121 quippe
348 1060 393 1100 111.
416 1049 446 1100 et
467 1060 509 1101 iv.
532 1040 621 1100 iniis
642 1040 756 1118 notati,
786 1061 880 1102 annos
900 1038 1039 1120 Imperiis
1073 1047 1108 1098 ut
1129 1059 1158 1099 r.
1181 1045 1213 1097 et

113 1144 179 1183 vm.
201 1130 298 1185 annos
319 1126 480 1185 Caesareae
501 1125 655 1205 diguitatis
677 1135 829 1207 spectant,
852 1145 928 1206 quos
950 1145 1019 1185 oum
1042 1127 1128 1185 unuis
1149 1123 1213 1183 lm-

112 1210 187 1290 perii
212 1210 429 1271 ‘conuertebstz
457 1211 537 1272 uude
566 1212 648 1293 spud
676 1211 804 1273 Paulum
831 1209 1053 1275 warnefridum
1081 1208 1134 1270 lib.
1162 1228 1213 1269 m.

113 1293 150 1355 de
171 1296 255 1357 Geet.
276 1295 463 1376 Longopard.
485 1317 550 1377 cap.
571 1318 621 1358 xv.
643 1297 756 1357 dieitur
776 1297 938 1379 Imperium
963 1296 1078 1356 rexisse
1098 1302 1216 1376 sepiem

112 1383 211 1458 suuis,
229 1396 311 1442 ‘cum
337 1382 422 1442 eunio
447 1381 594 1444 duntaxat
613 1403 655 1444 ιν.
677 1390 749 1464 post
770 1383 884 1445 obitum
905 1382 1014 1443 Justini
1043 1382 1214 1462 imperaue-
1239 1426 1243 1433 .

111 1467 160 1528 rit.
203 1467 240 1527 ln
269 1468 306 1526 iis
331 1469 410 1528 euim
439 1468 579 1529 omnibus
608 1470 663 1530 PP.
686 1469 776 1530 ΔΗΕ.
798 1467 998 1543 inscribitur„
1016 1467 1068 1548 qui
1091 1465 1215 1547 quidem

111 1551 259 1635 adscripti
278 1552 397 1614 numeri
418 1552 450 1612 in
471 1555 543 1615 solis
565 1554 714 1615 duntaxat
734 1554 828 1615 aereis
848 1553 1008 1618 hahentur.
1051 1553 1115 1612 lem
1140 1569 1215 1612 uero

111 1639 201 1699 liceat
219 1637 277 1698 liic
307 1639 478 1719 expendere
506 1661 544 1700 an
567 1639 773 1701 intolerandus
802 1640 842 1700 sit
871 1660 958 1702 error
979 1638 1135 1713 Penriuii,
1161 1654 1216 1697 seu

110 1723 213 1806 potius
238 1724 376 1784 Auctoris
398 1721 541 1785 Chronioi
564 1735 594 1785 et
616 1725 716 1807 Marii·
725 1725 949 1801 Auentinensis,
979 1722 1147 1802 quodvult
1167 1721 1215 1785 vir

111 1810 267 1884 eruditus,
290 1809 341 1887 qui
364 1810 558 1869 Consulatum
584 1810 695 1872 Tiberii
716 1809 748 1869 in
769 1831 882 1869 aunum
903 1830 1016 1870 uum.
1038 1808 1215 1888 conjiciunt.

110 1896 233 1956 Prostet
260 1895 370 1955 Tiberii
399 1895 620 1973 Pragmatioum
649 1917 667 1955 e
694 1896 744 1958 Fr.
772 1893 897 1956 Pithone
927 1895 1060 1971 editum,
1087 1915 1104 1952 e
1128 1891 1217 1953 nobis

111 1980 232 2062 pridem
260 1979 436 2056 laudatum,
469 2001 538 2040 cum
565 1979 622 2040 hae
648 1980 888 2061 subscriptione:
915 1976 981 2040 Dot.
1003 2000 1050 2041 m.
1077 1977 1122 2038 ld.
1143 1978 1217 2054 Aug,

111 2067 197 2128 CPL.
219 2065 290 2145 Iup.
312 2066 423 2125 Domini
441 2070 527 2126 nostri
549 2066 651 2128 Teleris'
672 2066 843 2127 Constantini
861 2066 922 2126 PP.
943 2069 1015 2142 Aug·
1032 2084 1103 2125 nmo
1116 2070 1218 2139 oetuuu,

109 2159 136 2213 et
161 2159 225 2232 poet
248 2151 422 2211 Consulatum
443 2154 509 2227 ejur
522 2157 618 2228 tertio,
647 2160 673 2212 et
693 2149 763 2212 Nu.
784 2151 831 2212 lu.
854 2152 958 2213 Tiburti
976 2151 1074 2221 Maon
1094 2149 1216 2211 Felicior}

111 2239 223 2301 Censor.
252 2258 321 2296 onuo
345 2241 441 2317 pruno.
483 2237 540 2296 Hic
560 2238 654 2317 igitur
675 2258 772 2297 ennue
793 2258 856 2297 vm.
880 2247 1050 2318 postremus
1071 2236 1128 2295 fuit
1147 2235 1217 2297 lm-

67 2366 81 2391 »,
108 2324 189 2405 perii
218 2321 349 2396 Tiberii,
379 2321 490 2382 Christi
517 2343 654 2387 nnxxxm
684 2344 721 2385 ec
748 2323 864 2404 primus
890 2323 1049 2403 incoeptus
1082 2317 1218 2381 Maurioii
1237 2318 1262 2374 V
1278 2315 1331 2375 646

110 2409 259 2470 (laeseris.
300 2407 438 2468 Tiberius
466 2408 546 2469 enim
574 2419 712 2481 mortuus
733 2419 777 2469 est
797 2428 863 2469 ιιι.
882 2407 1022 2487 Augusti:
1055 2405 1217 2479 Mauricius

109 2515 188 2555 uero
217 2496 325 2554 Caesar
351 2493 448 2553 dietus
479 2505 525 2555 est
552 2515 579 2555 v.
605 2495 747 2554 emissum
772 2494 901 2574 denique
929 2491 1148 2573 Pragmatieum
1174 2511 1217 2553 xi.

109 2579 322 2661 dieaeejusdem
356 2579 479 2666 munio,
510 2580 638 2661 proinde
662 2580 764 2642 triduo
793 2588 847 2640 eut
868 2578 1031 2660 quatriduo
1053 2575 1219 2641 moabie

111 2676 180 2726 tum
202 2664 346 2726 'Tiberii
377 2665 489 2726 Deinde
514 2675 669 2748 postremo
684 2665 757 2729 hoc
785 2685 865 2726 euno
894 2665 1024 2740 Tiberii,
1053 2674 1118 2724 eret
1145 2664 1219 2722 Pro·

109 2752 292 2812 eonsulatue
316 2750 454 2832 ejusdem
481 2774 524 2815 111.
542 2756 593 2812 ,its
614 2752 727 2812 diee'rte
747 2751 799 2812 hie
820 2740 1023 2830 consignatur.
1065 2749 1096 2809 si
1116 2758 1219 2809 retro·

110 2838 225 2911 cedes,
253 2837 404 2897 secundus
431 2837 574 2899 inciderit
594 2838 628 2897 in
648 2844 759 2915 dunum
780 2857 909 2899 uuxxxr.
931 2836 995 2897 lud·
1017 2855 1082 2896 xiv.
1105 2853 1219 2897 conse·

107 2932 243 3004 quanter
259 2921 353 2998 igitur
374 2924 554 2984 consulatue
573 2926 647 3004 ipse·
659 2924 772 2989 Tiberii
791 2924 825 2984 in
845 2944 958 2984 anuum
976 2942 1092 2983 uum.
1111 2920 1220 2987 ludin.

107 3031 182 3069 rut„
212 3005 301 3084 juxta
327 3008 515 3067 'eontentiam
536 3008 683 3071 ·Peuvinii
720 3021 751 3070 et
781 3011 923 3070 Auctoris
951 3006 1101 3069 chronici.
1144 3007 1219 3067 Nem

108 3090 199 3176 quod
228 3088 272 3149 in=
287 3110 366 3149 enno
394 3111 520 3153 nuxix.
550 3093 676 3154 additur
698 3091 733 3155 ed
760 3100 898 3174 πρῶτον,
927 3094 1106 3172 intelligitur
1138 3092 1219 3167 ἕως·

107 3179 235 3262 primus
263 3179 341 3235 euim
373 3176 431 3235 fuit
453 3198 548 3237 eunus
573 3176 691 3258 lmperii
714 3179 844 3239 Tiberii:
876 3179 928 3258 qui
949 3180 1087 3258 sequitur
1109 3178 1221 3256 absque

109 3265 179 3325 ullo
201 3266 328 3322 numero
349 3270 478 3340 notetus,
500 3263 616 3343 primus
637 3273 682 3324 eet
701 3262 784 3322 illins
807 3264 999 3327 Coueulatue:
1019 3283 1112 3324 annue
1137 3263 1220 3324 dein·

109 3351 151 3410 de
173 3368 304 3410 uuxxxi.
331 3358 377 3407 est
397 3348 563 3408 secundus:
585 3369 682 3408 eunus
703 3348 832 3427 denique
852 3368 989 3409 uuxxxu.
1009 3349 1137 3416 tertius,
1159 3365 1220 3426 quo

109 3437 138 3496 ie
167 3433 318 3509 excessit,
353 3433 466 3512 quique
494 3436 526 3493 in
555 3433 739 3513 Pragmatico
767 3433 959 3496 describitur.
1002 3433 1105 3495 Altero
1127 3432 1221 3510 igitur

109 3530 188 3604 post
209 3519 319 3580 initum
341 3520 503 3598 Imperium
526 3541 603 3578 enno
625 3531 690 3583 tum
713 3519 845 3600 primum
867 3519 976 3579 Consul
993 3516 1146 3599 prueeesit,
1170 3536 1221 3575 ox·

110 3606 222 3686 emplo
243 3605 351 3665 luetiui
374 3605 554 3682 decessoris,
575 3615 610 3665 ut
631 3605 790 3685 utriusque
812 3603 1005 3686 postmodum
1025 3605 1130 3663 Funus.
1174 3603 1222 3662 Ex

110 3693 233 3772 quibua
257 3690 443 3751 emendanda
471 3691 595 3753 videtur
622 3691 784 3772 Inscriptio
805 3690 994 3770 Eugippiena
1017 3688 1101 3771 apud
1122 3688 1223 3749 erudi·

108 3778 268 3838 tissimum
289 3776 496 3839 Mabillonium
519 3787 549 3838 et
570 3777 721 3837 Lebbeum
750 3784 828 3848 (non
850 3797 888 3837 ex
911 3776 1029 3836 duobus
1051 3774 1223 3849 codicibus,

108 3863 167 3924 sed
192 3862 286 3921 unico
308 3864 553 3942 sangermanensi
576 3860 684 3942 eruta)
714 3883 791 3942 quae
822 3862 868 3922 eiu
896 3861 974 3921 edite
999 3870 1060 3922 est:
1092 3861 1151 3921 Sub
1180 3861 1224 3920 die

110 3948 225 4017 Iduum
247 3948 380 4009 Deconlr.
408 3954 554 4029 inperante
582 3947 649 4010 DN.
674 3948 780 4009 Tiberio
805 3948 980 4009 Constantino
1002 3948 1126 4024 Augusto
1153 3966 1224 4005 unno

110 4057 168 4094 eu.
195 4032 230 4092 P.
255 4031 285 4096 C.
307 4035 423 4110 ejusden
444 4037 566 4114 Augusti
580 4056 659 4096 unno
677 4056 718 4096 111.
740 4034 889 4095 Iudietiuse
915 4033 1126 4113 quintodecimo,
1153 4033 1222 4095 uua

108 4121 244 4181 dentibus
279 4112 468 4199 Longobdrde'e
502 4120 711 4201 Neapolitanum
743 4123 888 4180 civitaten.
927 4117 1103 4196 Legendum
1142 4116 1222 4177 enim
1248 4192 1250 4197 ι

108 4210 191 4265 unno'
209 4223 252 4270 ιι.
284 4205 364 4264 Aliae
392 4206 504 4286 quippe
533 4207 608 4266 haec
635 4205 796 4286 lneoriptio
825 4206 859 4266 in
886 4225 995 4265 ennum
1015 4223 1140 4263 uuum
1160 4208 1224 4263 uod

111 4289 263 4365 cederet,
295 4309 364 4349 cum
392 4292 499 4353 tertius
526 4291 639 4353 Tiberii
668 4293 864 4371 Consulatus,
898 4314 951 4353 seu
969 4290 1224 4353 ¹Poetconoulatuo

111 4376 292 4456 incoeperit
322 4377 387 4440 Kal.
417 4377 480 4439 lan.
510 4380 579 4440 enni
607 4399 743 4442 unxxxn.
773 4380 831 4440 nisi
859 4400 927 4440 cum
955 4399 1033 4439 anno
1063 4378 1226 4439 Caesareae
