2944 4896
500 318 701 387 CHRONICI
724 320 953 391 PASCHALIS.
1180 260 1274 401 ⁴129

257 501 318 544 nrv.
362 481 613 566 Epaphroditus,
642 485 729 570 cujus
758 488 892 550 meminit
911 490 1099 571 Apostolus,
1132 494 1186 573 qni
1206 494 1273 555 An-

170 564 291 626 driacaa
313 568 481 650 Episcopus
503 571 569 632 suta

253 671 304 714 nv.
348 654 481 732 Caeam,
524 656 612 738 cujus
639 658 772 720 meminit
796 656 962 740 Apostolus
974 703 984 736 ,
1021 661 1073 740 qui
1102 661 1275 726 Dirrhschii

121 738 127 753 ¹
167 735 337 816 Episcopus
359 739 427 802 fuit.

253 842 318 884 nvr.
363 824 497 886 Marinus
525 826 680 888 Barnabae
708 829 875 908 patruelis,
905 827 1007 910 cujus,
1021 831 1110 892 etiam
1138 834 1274 899 meminit
1369 854 1372 866 ’

166 906 348 989 Apostolus,
370 908 424 988 qui
446 921 476 971 at
498 913 715 992 Apolloniados
735 908 794 974 'fuit
814 914 991 995 Episcopus.

251 1012 329 1053 nvn.
372 995 482 1075 lesus,
512 999 684 1079 appellatus
711 1001 836 1076 iustus,
872 997 959 1080 cujus
980 1002 1117 1062 meminit
1138 1004 1273 1083 Aposto-

165 1076 215 1222 lfns
242 1078 276 1137 in
307 1078 390 1139 Actis
416 1080 657 1163 Apostolorum,
700 1084 755 1164 qui
791 1094 822 1146 et
850 1084 1080 1168 Eleutheropoli
1105 1087 1275 1170 Episcopus

183 1170 238 1227 nrt.

250 1267 340 1309 nrm.
383 1249 539 1330 Artemas,
572 1253 660 1337 cnjus
681 1252 825 1318 meminit
837 1255 1005 1335 Apostolus
1017 1301 1026 1334 ,
1063 1257 1117 1337 qui
1135 1258 1274 1340 hystriae

166 1330 227 1393 fnit
247 1332 426 1414 Episcopus.

251 1438 315 1481 mx.
361 1421 515 1500 Clemens,
545 1424 633 1504 cujus
660 1424 795 1485 meminit
824 1426 1007 1504 Apostolus,
1039 1427 1091 1488 ubi
1112 1428 1172 1489 ait:
1206 1430 1273 1491 Gara

168 1500 299 1564 Cinnente
319 1512 345 1564 et
366 1511 576 1586 cooperatoribus
595 1515 681 1587 mete,
709 1511 764 1590 qui
785 1520 816 1571 et
843 1512 962 1591 primus
991 1533 1030 1572 ex
1053 1513 1222 1575 Gentilibus
1242 1528 1274 1578 at

168 1587 291 1735 (irrepis
311 1591 346 1651 in
367 1591 519 1654 Christum
539 1596 688 1673 credidit,
716 1605 747 1655 et
769 1597 963 1675 postmodum
985 1598 1127 1661 Sardicae
1149 1602 1274 1682 Episco-

165 1692 225 1754 pus
260 1675 315 1739 uit.
433 1700 436 1707 ’
1261 1678 1263 1687 ’

249 1780 302 1824 nx.
346 1762 572 1843 Onesiphorus,
601 1763 688 1846 cujus
710 1764 845 1829 meminit
867 1765 1045 1848 Apostolus,
1072 1770 1125 1849 qni
1145 1769 1273 1850 Episco-

165 1864 226 1926 pus
247 1846 308 1907 tuit
329 1847 493 1913 Coroneae.

251 1950 314 1990 uxr.
358 1933 526 2013 Tychicus,
549 1932 636 2014 cnjus
659 1934 795 1996 meminit
815 1933 999 2015 Apostolus,
1029 1937 1080 2017 qui
1103 1946 1135 1998 et
1155 1937 1272 2018 primus

165 2014 269 2076 extitit
291 2017 460 2099 Episcopus
481 2018 679 2079 Calchedonis
704 2019 864 2101 Bithyniae
886 2021 979 2082 urhis.
1051 2036 1055 2041 '

248 2122 324 2162 nxn.
370 2105 503 2184 Carpus,
529 2106 616 2185 cujus
636 2106 771 2166 meminit
784 2107 965 2186 Apostolus,
987 2107 1040 2187 qui
1063 2106 1291 2184 erumnosas

164 2185 219 2263 (sic
235 2188 301 2265 irg.)
324 2188 471 2250 Thracias
494 2190 577 2251 urhis
599 2191 769 2271 Episcopus
790 2192 857 2251 fuis
1333 2188 1335 2191 ’

249 2292 337 2338 mur.
380 2276 523 2352 Evodus',
556 2286 626 2356 post
651 2276 773 2335 Petrum
803 2276 982 2355 Apostolum
1010 2275 1188 2339 Antiochiae
1214 2277 1274 2339 suit

162 2356 350 2439 Episcopus,
373 2362 460 2443 cujus
483 2360 572 2421 etiam
591 2359 726 2420 meminit
750 2361 924 2439 Apostolus.
1008 2420 1013 2425 .

248 2464 335 2506 nxrv.
378 2444 594 2523 Aristarchus,
626 2445 714 2528 cujus
736 2445 826 2506 etiam
847 2444 985 2507 meminit
1004 2444 1187 2526 Apostolus,
1218 2446 1272 2525 qui

162 2534 193 2589 et
214 2528 365 2611 Apameae
387 2530 492 2611 Syriae
512 2531 572 2592 fuit
591 2531 772 2612 Episcopus.

249 2636 322 2676 nv.
365 2617 501 2694 Marcus,
524 2617 577 2697 qui
598 2626 630 2678 et
643 2618 772 2677 loannes
793 2616 909 2691 dictus,
933 2615 1019 2696 cujus
1041 2614 1139 2677 Lucas
1159 2616 1269 2679 memi-

161 2702 209 2764 nit
229 2701 263 2762 in
284 2700 367 2762 Actis
391 2702 622 2782 Apostolorum,
644 2703 696 2783 qui
718 2702 810 2783 Bybli
827 2701 890 2763 suit
910 2701 1090 2780 Episcopus.

247 2806 334 2849 nxvr.
376 2788 469 2848 Zanes
496 2788 664 2864 Notarius,
701 2788 790 2869 cujus
820 2787 910 2849 etiam
936 2786 1072 2865 meminit
1092 2785 1268 2867 Apostolus,

162 2871 218 2954 qui
238 2882 269 2934 et
290 2871 458 2952 Episcopus
478 2873 536 2933 fuit
556 2875 743 2955 lliospoleos.

183 2956 186 2962 ’
247 2977 346 3019 nxrrr.
387 2956 589 3037 Philaemon,
629 2959 670 3020 ad
696 2980 786 3039 quem
814 2958 905 3020 etiam
931 2955 1100 3038 Epistulam
1137 2955 1267 3038 scripsit,

163 3043 217 3125 qui
238 3052 271 3105 et
290 3042 459 3123 Episcopus
484 3045 584 3106 Gazae
603 3046 670 3107 fuit.
994 3044 998 3051 ’

170 3146 173 3151 ·
246 3146 357 3189 nxvm.
388 3149 475 3190 nm.
505 3151 578 3192 ιιι.
621 3128 832 3205 Aristarchus,
859 3136 890 3189 et
913 3126 1053 3202 Pudens,
1082 3135 1113 3187 et
1135 3124 1268 3207 Trophi-

162 3233 240 3278 mus.
283 3212 322 3274 Hi
343 3224 405 3274 tres
426 3216 459 3274 in
480 3214 618 3276 omnibus
645 3212 904 3297 persecutionibus
926 3232 995 3273 cum
1011 3212 1157 3292 Apostolo
1180 3211 1267 3283 dipe-

161 3300 241 3377 xati,
270 3299 394 3360 tandem
414 3302 528 3362 Itomae
556 3320 626 3361 cum
650 3300 759 3362 codem
779 3298 927 3381 Apostolo
947 3297 1004 3359 sub
1023 3297 1144 3357 Nerone
1163 3295 1268 3376 Impe-

161 3394 266 3481 rffitore
288 3385 388 3466 capite
409 3386 492 3468 plexi
513 3395 593 3446 sunt.

230 3469 329 3531 'Haec
355 3481 403 3531 ter
430 3471 619 3532 beatissimus
647 3470 783 3550 felixque
818 3467 940 3550 omnino
970 3461 1164 3536 Dorotheus,
1196 3482 1266 3523 cum
1368 3522 1372 3525 ,

51 3546 56 3553 ’
160 3554 275 3617 Romae
296 3566 421 3635 ageret,
452 3559 587 3617 Romano
608 3576 744 3617 sermone
763 3556 797 3615 in
824 3549 1053 3614 commentarios
1073 3548 1200 3625 retulit,
1227 3568 1266 3609 ax

163 3641 276 3720 quibus
298 3663 317 3701 a
339 3642 427 3702 nobis
448 3652 621 3723 exceptam,
648 3662 685 3702 ac
705 3643 737 3702 in
759 3643 905 3701 Graecam
926 3636 1057 3715 linguam
1079 3653 1266 3708 conversam,

164 3726 354 3810 septuaginta
368 3727 588 3812 discipulorum
609 3722 830 3805 collectionem,
853 3742 979 3819 eamque
990 3719 1081 3789 fidam
1095 3718 1264 3783 severitati
