3028 4898
289 323 367 399 ξω
530 322 713 392 snfflcrl
736 322 791 389 An
810 322 1176 393 nnmmssonnn

290 489 484 553 Constantino
506 500 537 551 et
558 490 728 553 comtente.

289 576 425 638 Honorio
447 578 485 636 X.
511 586 540 635 ot
559 575 729 637 Theodosio
745 577 793 637 Vl.

183 720 187 735 ,
290 661 462 724 Theudosio
484 661 547 721 VII.
567 671 597 721 et
618 661 764 722 Palladio.

290 748 427 808 Honorio
448 747 500 806 XI.
523 757 553 807 et
575 748 750 809 Constantio
771 748 807 806 ΙΙ.

291 833 427 895 Honorio
449 832 516 893 XII.
539 841 568 894 et
591 832 760 897 Theodosio
781 834 860 901 VIII.

290 916 430 979 Monnxio
453 928 484 979 et
503 917 611 978 Plinta.

289 1003 460 1064 Theodosio
475 1004 565 1064 VIIII.
588 1013 618 1062 et
639 1005 810 1065 Constantio
825 1005 878 1067 Ill.

291 1089 444 1169 Agreonlef
462 1100 492 1149 et
515 1089 679 1150 Eustathio.

291 1175 426 1236 Honorio
448 1175 528 1237 Xlll.
548 1185 578 1234 et
600 1175 769 1236 Theodosio
793 1179 830 1240 X.

291 1260 456 1323 Marininno
478 1270 508 1321 et
528 1260 745 1341 Aeolipiodolo.

294 1347 412 1407 (lantino
435 1347 493 1409 VC.
516 1346 649 1409 CONSL.
741 1361 742 1367 ’
979 1394 982 1403 ,

199 1428 275 1483 'XI
295 1430 465 1491 Theodosio
486 1428 576 1490 *x11.
599 1442 629 1491 et
650 1431 856 1492 Valentiniano
881 1434 902 1492 l.

295 1516 466 1577 Theudoeio
488 1516 556 1576 XII.
579 1525 609 1576 et
629 1518 837 1578 Valentiniano
853 1518 890 1578 lI.

296 1601 401 1662 Hierio
424 1611 453 1661 et
477 1601 642 1667 Ardobura.

296 1687 396 1748 Felice
418 1697 448 1747 et
468 1689 579 1747 Tauro.

297 1772 450 1834 Florentio
471 1783 501 1833 et
527 1771 665 1833 Dionisio.

297 1858 577 1939 TheudoeioXllI.
600 1868 631 1918 et
653 1857 861 1920 Valentiniano
883 1858 936 1920 Ill.

296 1944 387 2004 Beeso
409 1955 439 2005 et
464 1943 624 2004 Antiocho.

298 2030 384 2089 Aelio
407 2039 438 2089 et
459 2030 587 2089 Valerio.

297 2114 470 2174 Theudosio
495 2113 592 2174 Xllll.
614 2123 645 2174 et
665 2115 803 2175 Maximo.

297 2199 411 2279 Aspare
433 2209 462 2260 et
483 2199 657 2259 An'ovintlo.

298 2285 470 2345 Theudoeio
490 2286 554 2346 XV.
576 2296 606 2345 et
628 2286 833 2347 Valentiniano
855 2284 920 2347 llll.

297 2370 414 2432 Isidoro
437 2381 467 2431 et
490 2373 642 2433 senatore.

299 2457 384 2517 Aetio
407 2467 437 2516 et
458 2459 636 2535 segisvulto.

298 2542 470 2604 Theudoeio
494 2543 574 2604 XVI.
598 2552 628 2602 et
652 2541 771 2600 Fausto.

297 2628 506 2688 Valentiniano
528 2629 564 2687 V.
587 2637 617 2688 et
637 2627 772 2687 Placido.

299 2713 375 2774 Caro
396 2714 457 2775 VC.
482 2714 558 2774 CSL.

301 2799 446 2858 Dioscoro
467 2800 526 2859 VC.
550 2797 628 2857 CSL.

299 2884 431 2943 Maximo
451 2884 489 2943 Il.
513 2894 543 2944 et
563 2880 690 2942 Pateria.

300 2966 472 3028 Theudosio
494 2968 602 3029 XVIII.
625 2976 656 3027 et
677 2964 792 3026 Albino.

299 3052 508 3114 Valentiniano
528 3052 579 3114 vl.
602 3061 632 3112 et
651 3051 757 3113 Nomo.

300 3138 386 3199 Aetio
407 3139 459 3199 III.
488 3149 519 3199 et
540 3136 728 3218 Symmacho.

301 3223 425 3306 Celepio
447 3234 477 3287 et
500 3224 665 3285 Ardabure.
738 3282 741 3289 ,

298 3311 492 3371 Postumiano
515 3320 545 3372 et
565 3312 694 3370 Zenone.

299 3395 507 3458 Valentiniano
529 3396 594 3456 VII.
619 3405 649 3456 et
671 3394 793 3455 Abieno.

300 3482 418 3542 Asterio
441 3493 471 3544 et
490 3484 668 3561 Protogene.

300 3565 511 3628 Valentiniano
533 3577 563 3626 et
583 3567 707 3629 Abieno.

301 3649 418 3712 Adelfio
439 3653 498 3713 VC.
521 3653 599 3714 csL.

171 3729 270 3789 vano
303 3734 454 3798 Erculnno
476 3737 537 3798 VC.
563 3736 640 3797 CSL.
662 3735 775 3794 *nllun

218 3799 444 3900 *monnone
465 3821 525 3884 ve.
549 3821 626 3881 ese.
641 3820 760 3881 nanno.

302 3905 390 3966 Aetio
412 3917 443 3967 et
462 3906 581 3970 Studio.

302 3990 513 4053 Valentiniano
534 3990 614 4054 VIII.
637 4001 667 4052 et
689 3989 832 4052 Antemio.

223 4078 257 4129 :s
303 4076 416 4137 Ioanne
438 4087 468 4138 et
492 4081 635 4138 Suerone.

304 4162 502 4224 Constantino
524 4173 555 4224 et
578 4162 668 4222 Rufo.
729 4210 731 4217 .

263 4252 270 4261 '
303 4247 404 4309 Leone
426 4259 457 4310 et
477 4248 655 4332 Majoriano.

303 4333 457 4397 Recinere
478 4345 509 4397 et
528 4334 669 4396 Petn'eio.
