2992 4894
291 305 341 378 48
696 296 1008 366 PRAEFATIO.
1070 356 1072 363 Α

291 473 370 535 Hinc
394 471 451 534 ists
473 471 603 552 ejusdem
629 469 754 552 lapsui
776 475 858 554 apud
881 472 1127 555 chrysostomum
1140 471 1251 539 Hamil.
1266 498 1300 538 n.
1320 476 1395 537 ins

291 560 452 640 babylama
478 551 620 639 Ολύμπια
644 553 751 638 μὲνού
770 554 850 640 pita
869 554 990 641 nitidos·
1014 558 1186 641 συγκαλέσαι
1209 560 1242 624 tt
1259 561 1281 643 ἡ
1297 586 1397 644 πανη-

290 669 377 727 γαρις
390 641 444 718 ταὶς
459 637 570 718 πόλεις,
593 643 627 704 αἱ
639 641 672 706 di
688 639 796 722 ἥξουσι
813 648 888 726 βοῦς
902 643 1030 728 sipontus
1041 650 1083 731 cpi
1098 640 1261 709 Ancillam
1273 651 1397 724 θυσίαν,

293 740 351 790 eto.
396 729 530 807 Denique
548 729 676 788 Basilius
700 730 853 790 Seleuciae
873 732 1062 812 Episcopus,
1085 733 1138 809 qui
1158 731 1329 793 Theodosio
1349 735 1399 792 lu·

292 817 377 877 niore
392 816 555 894 imperante
575 814 668 890 uixit,
690 814 723 873 in
738 816 879 897 Olympia
892 816 1053 879 Homiliam
1074 818 1213 896 scripsit,
1237 834 1331 896 quum
1352 819 1403 878 vi·-

293 901 378 962 deret
405 899 590 959 Christianos
616 920 676 961 non
698 901 797 963 minus
824 922 912 981 qnam
927 903 1069 963 ³Gentiles
1088 903 1168 962 circa
1185 903 1397 982 Olympiorum

292 996 540 1064 caeterorumque
557 985 740 1047 Circensium
758 987 927 1067 spectacula
947 987 1093 1048 insanire:
1115 989 1158 1047 ita
1173 997 1208 1047 ut
1220 1006 1276 1047 nec
1290 1007 1397 1049 rerum

288 1073 332 1132 sit
360 1070 444 1151 quod
463 1070 566 1151 paullo
589 1071 675 1131 aliter
701 1072 734 1131 in
757 1072 862 1132 eodem
884 1071 1052 1134 Theodosio
1070 1073 1165 1133 relert
1183 1072 1338 1133 Cedrenus
1354 1071 1396 1153 ¹),

291 1157 414 1239 desiisse
432 1162 492 1219 univ
516 1151 719 1238 Otopnuidmv
745 1154 932 1240 πανήγυριν,
952 1155 1018 1238 ἥτις
1038 1154 1114 1221 nard
1128 1162 1269 1241 τετραετῆ
1286 1155 1396 1240 χρόνον

286 1243 470 1316 >maritatam
485 1290 487 1297 ,
502 1243 553 1302 val
582 1262 630 1302 eas
665 1244 829 1321 numerari,
865 1244 963 1322 iisque
995 1245 1188 1305 suoeassisse‘
1205 1245 1398 1320 Indictiones,

291 1328 375 1407 quod
397 1328 465 1387 vult
486 1326 662 1405 Logotheta:
697 1326 750 1389 sed
777 1339 807 1389 et
827 1329 909 1408 quod
926 1330 1026 1389 tradit*
1049 1348 1181 1408 nuperus
1206 1330 1342 1410 scriptor
1355 1327 1396 1410 ²),

286 1414 521 1472 ⁴Constantinum
551 1414 590 1476 Μ.
623 1414 771 1491 abrogatis
799 1414 944 1492 agonibus
973 1415 1164 1496 Capitolinis,
1199 1425 1289 1494 atqua
1325 1416 1396 1475 adeo

293 1498 476 1578 olympicis,
499 1498 579 1577 quod
595 1518 663 1558 cum
677 1500 779 1559 multis
795 1500 925 1561 Deorum
942 1502 1034 1562 sacris
1051 1501 1151 1581 impiis
1165 1500 1397 1575 celebrarentur,

291 1584 491 1647 indictionum
507 1603 595 1644 usum
607 1583 781 1648 instituisse.

125 1808 203 1866 Unda
210 1811 285 1866 Fasti
375 1782 518 1870 xxrltx.
564 1807 668 1868 Fastos
682 1809 861 1871 Consulares
878 1807 1071 1891 exscripsisse
1087 1790 1138 1867 aut
1155 1817 1291 1869 secutum
1310 1804 1395 1865 fuisse

117 1954 119 1961 ¹
160 1881 445 1964 Chunidauctorem
475 1888 640 1973 Paschalii‚
670 1896 721 1953 vel
748 1895 978 1974 Cuspinianeos,
1015 1895 1066 1954 ve'l
1088 1886 1167 1952 alios¹
1195 1892 1319 1972 quosvis
1347 1911 1395 1972 per

152 1950 488 2073 PaWlfflssl‘Olympiades
510 1988 565 2055 ,ant
582 1979 736 2038 Bissextos
758 1980 905 2058 digestos,
927 2000 982 2059 par
1006 1988 1050 2039 est
1073 1978 1263 2054 existimare,
1283 1978 1337 2037 vel
1350 1996 1394 2035 eos

148 2036 250 2091 amp
263 2039 372 2122 1'certe
395 2056 529 2141 qui'aub
553 2063 775 2141 ldatiinomine
789 2065 862 2124 editi
877 2075 948 2124 sunt
963 2087 980 2122 a
995 2064 1113 2124 Labbeo
1121 2108 1132 2140 ,
1147 2083 1284 2143 ,quorum
1299 2083 1396 2122 exem-

288 2149 357 2229 plar
376 2168 435 2206 non
457 2147 608 2223 modicae,
634 2159 673 2213 ¹ut
696 2171 787 2229 supra
807 2150 993 2221 monuimus,
1022 2150 1205 2229 antiquitatis
1230 2149 1262 2208 in
1285 2148 1395 2207 Biblio-

288 2233 377 2294 theca
390 2233 514 2311 Collegii
528 2234 650 2296 Patrum
667 2236 825 2295 societatis
837 2236 905 2296 lesu
918 2234 1092 2295 Parisiensis
1106 2243 1292 2307 asservatur,
1315 2233 1393 2293 nullo

287 2328 389 2379 tamen
412 2315 544 2382 auctoris
557 2304 656 2379 'titulo
681 2322 867 2401 praenotati,
896 2321 1015 2380 tametsi
1035 2321 1147 2399 absque
1166 2319 1330 2396 Bissextis,
1351 2315 1394 2376 vel

289 2404 539 2484 Olympiadibus‚
569 2425 645 2484 quaa
670 2408 742 2467 alias
765 2406 916 2467 Chronico
936 2405 1072 2465 idatiano
1094 2428 1110 2464 a
1134 2405 1293 2465 Sirmondo
1321 2404 1393 2464 edito

195 2494 273 2554 1²34
290 2489 504 2570 subjiciuntur.
554 2489 600 2548 Ita
623 2510 715 2568 porro
743 2493 896 2550 Bissextos
926 2508 957 2550 sa
981 2492 1136 2570 copulasse
1168 2491 1210 2549 ait
1234 2491 1394 2564 Victorius,

288 2597 347 2658 quo
368 2571 574 2655 manifestius,
595 2574 710 2652 inquit,
732 2591 900 2656 appareret,
929 2589 1026 2635 utrum
1048 2573 1107 2636 sibi
1125 2573 1173 2636 vel
1189 2573 1394 2636 Bissextorum

290 2660 383 2729 ratio,
414 2655 461 2718 vel
483 2654 595 2717 dierum
627 2673 689 2719 tam
714 2657 920 2723 Kalendarum
950 2657 1179 2737 Ianuariarum,
1211 2683 1302 2743 quam
1333 2679 1394 2721 rtn.

288 2739 496 2803 Kalendarum
518 2741 691 2823 Aprilium,
721 2766 780 2828 quo
802 2742 928 2806 mundus
948 2743 1077 2805 traditur
1103 2747 1270 2820 institutus,
1303 2746 1394 2813 conti·

290 2841 382 2886 nuata
402 2828 586 2886 concinerent
600 2825 634 2909 ³)
663 2824 870 2911 disputatione.
922 2831 961 2891 Et
993 2831 1053 2890 alio
1079 2831 1163 2891 loco:
1190 2827 1394 2891 Bissextorum

289 2913 460 2971 necessitate
472 2908 610 2989 decursa,
633 2928 688 2975 eto.
732 2916 771 2973 At
786 2916 857 2974 licet
872 2915 976 2975 Festos
992 2935 1062 2975 suos
1078 2916 1257 2977 Consulares
1271 2916 1395 2995 scriptor

289 2995 445 3055 Paschalis
468 2994 585 3073 digerat
605 3019 661 3078 per
680 3000 776 3059 lustra
790 3000 904 3059 Julians
925 3002 961 3060 ab
976 3000 1042 3080 ipso
1058 3000 1345 3077 Consuluminitio,
1369 3006 1396 3059 et

291 3102 309 3138 a
329 3102 350 3139 1.
364 3080 435 3139 lulii
450 3080 583 3142 Caesaris
605 3105 683 3145 anno
705 3085 889 3145 Indictiones
909 3086 947 3146 iis
970 3088 1155 3164 praemittat,
1186 3107 1222 3146 ac
1244 3085 1394 3164 Olympia·

212 3156 215 3168 ¹
292 3165 364 3224 dum
388 3173 418 3224 et
439 3165 640 3227 indictionum
665 3181 842 3250 perpetuam
868 3192 903 3230 ac
927 3172 1099 3231 continuam
1113 3173 1219 3233 seriem
1237 3172 1392 3242 describat,

288 3251 415 3327 singulis
432 3251 636 3330 quadrienniis
649 3255 783 3335 praefixo
798 3257 1013 3336 Olympiadum
1037 3278 1180 3335 numero,
1203 3257 1289 3336 quasi
1304 3256 1394 3315 chro-

291 3337 429 3414 nologiae
456 3336 611 3418 cujusdam
633 3340 775 3401 indubiae
800 3342 929 3421 speciem
955 3343 1095 3403 referatz.
1118 3343 1272 3404 fatendum
1299 3351 1393 3402 minen

290 3422 404 3481 nullam
425 3422 488 3482 fere
509 3443 610 3485 eorum
634 3447 696 3486 esse
717 3425 883 3486 habendam
903 3428 1049 3488 rationem
1073 3450 1150 3509 quae
1174 3429 1213 3487 ad
1229 3438 1393 3506 temporum

289 3516 389 3566 certos
411 3506 659 3571 characterismos
684 3512 881 3573 inveniendos
906 3514 1088 3578 conducunt.
1140 3515 1177 3575 ln
1205 3510 1393 3573 recensendis

290 3591 368 3650 enim
393 3593 573 3653 Consulibus
602 3594 773 3677 complures
802 3601 1032 3678 praetermittit,
1061 3600 1134 3660 alios
1156 3600 1234 3659 falso
1262 3597 1393 3668 intrudit,

290 3675 374 3755 qnod
389 3675 427 3736 de
442 3678 586 3739 Senatore
604 3682 745 3742 observat
760 3685 938 3758 Panvinius‚
961 3695 1050 3764 atqua
1073 3685 1192 3745 eosdem
1208 3705 1284 3765 pene
1298 3699 1393 3743 omnes

290 3781 367 3838 quos
382 3760 511 3838 Idalios,
536 3767 611 3824 adeo
635 3775 671 3826 ut
693 3789 751 3848 pro
775 3778 859 3827 cesto
879 3768 953 3827 mihi
976 3775 1015 3829 sit
1035 3781 1198 3850 utrumque
1220 3770 1393 3855 scriptorem

289 3844 393 3903 Festos
421 3866 492 3905 suos
516 3849 552 3907 ab
573 3850 677 3910 codem
697 3854 779 3912 fonte
805 3852 954 3935 hausisse,
985 3855 1110 3915 utinen
1134 3856 1224 3916 semel
1240 3855 1392 3932 attigimus.

288 3929 404 3991 Interea
418 3940 518 3992 tamen
534 3937 620 4015 quasi
635 3936 711 3997 nihil
726 3938 909 4018 intercedat,
930 3940 980 4000 vel
995 3942 1167 4020 omittatur,
1186 3939 1296 4000 semem
1315 3955 1393 4001 suam

304 4093 514 4109 m

325 4183 336 4217 2
546 4200 550 4204 .
984 4210 987 4219 ,
1158 4200 1165 4207 -
1216 4212 1228 4221 ,,
1307 4208 1313 4219 .

325 4185 359 4354 :l
374 4185 565 4310 blihildem
581 4257 607 4311 in
625 4259 748 4314 chronol.
767 4261 865 4316 Christ
883 4268 958 4334 parte
975 4265 1001 4318 3.
1019 4279 1045 4331 p.
1061 4264 1105 4320 90.
1125 4258 1184 4319 104.
1297 4278 1311 4303 ·

343 4323 357 4390 )
375 4323 441 4378 Cod.
459 4324 518 4385 MS.
536 4327 629 4387 Pstav.
648 4336 677 4384 st
693 4330 863 4398 Colbsrtens‚
884 4334 1053 4389 mutinment.
