2944 4896
423 226 524 324 'Au
543 257 852 325 uuuuuuoruu.
1161 271 1210 343 et
1264 236 1272 246 '

98 448 133 499 st
152 435 269 515 ignote,
291 433 420 497 deoorus
442 442 579 512 repectu,
610 432 708 491 formu
733 431 864 512 denique
885 435 1156 514 praestantissima,
1183 449 1214 499 et

101 523 205 603 specie
224 519 357 580 liberali.
408 517 534 596 Sanguis
562 527 592 576 et
614 517 683 576 bilis
710 516 797 576 ineo
821 519 1050 598 praevalebant,
1083 522 1214 585 mirabili

100 606 324 688 temperatione
342 604 381 663 od
401 624 520 665 morum
541 602 715 664 facilitatem
734 610 763 661 'et
777 603 946 665 comitatem
964 615 994 666 et
1012 607 1052 666 ud
1066 610 1214 668 exoellen.

98 694 233 771 domin
256 691 293 753 iis
312 687 419 753 studiis
438 691 471 750 in
496 687 607 767 quibus
631 709 664 748 se
691 689 835 752 exercuit
886 691 1056 753 Robustum
1079 694 1111 752 iu
1129 695 1215 755 tenui

96 779 274 858 gracilique
288 796 416 856 corpore
431 776 523 837 fuisse
535 773 610 837 hoec
630 794 678 836 res
691 774 801 853 probat
813 776 895 853 quod
907 776 938 835 iu
952 776 1213 856 ambulationibus,

99 864 302 945 quantumvis
326 861 440 942 longis,
477 878 515 920 ne
540 861 574 919 iu
596 869 706 923 aestate
733 860 854 938 quidem
880 863 1077 942 fatigabatur,
1114 886 1214 945 neque

97 949 237 1029 quietem
259 948 412 1029 poscebat.
455 946 572 1027 Opibus
592 946 692 1005 nimiis
710 965 772 1005 uon
788 946 952 1024 gaudebat,
974 949 1127 1027 speciosae
1142 971 1214 1010 con.

98 1036 249 1113 figmenti
277 1054 376 1113 usque
393 1053 526 1112 unquam
548 1031 677 1112 majores
703 1032 894 1111 concupivit,
925 1034 1067 1094 dictitans
1086 1035 1123 1093 iir
1142 1056 1213 1095 oon·

97 1130 220 1183 tentum
245 1140 312 1179 erse
335 1119 443 1181 dobere
464 1117 617 1181 hominem
637 1116 790 1179 literatum
809 1138 886 1196 quse
900 1119 1012 1180 rictum
1028 1129 1058 1180 et
1071 1123 1213 1182 vestitum

96 1208 209 1267 darent
227 1205 398 1266 liberaliter
415 1213 444 1264 et
458 1214 596 1284 sumptus
611 1204 649 1262 od
668 1202 809 1263 emendos
827 1205 935 1269 libros.
977 1205 1115 1282 Amicos,
1137 1226 1218 1285 quos

97 1294 213 1355 multoe
234 1290 383 1370 habebat,
402 1310 443 1351 er
454 1291 555 1349 inimo
570 1289 702 1363 amabat,
724 1289 916 1351 observantia
928 1300 962 1351 et
975 1290 1084 1351 officiis
1099 1291 1215 1352 retine·
1343 1318 1346 1327 =

102 1383 161 1437 bet.
203 1377 366 1450 Inimicus,
388 1377 415 1437 si
430 1396 506 1455 quos
518 1374 637 1449 habuit,
660 1376 847 1454 contempsit.
890 1377 966 1436 Toto
984 1377 1065 1437 vitoe
1078 1386 1214 1458 tempore

99 1463 289 1542 aequabilis,
318 1461 395 1523 nulh‘
413 1462 574 1537 molestus,
597 1459 673 1519 nulli
694 1461 810 1538 gravis,
838 1471 936 1522 totum
958 1482 990 1521 se
1007 1462 1155 1542 praebens
1175 1464 1214 1523 iis

100 1551 153 1629 qui
174 1552 242 1628 ejus
267 1569 354 1628 opem
375 1548 595 1628 implorabant,
626 1545 714 1607 troile
733 1548 956 1607 communimus
968 1548 1214 1617 sructusstudio-

98 1654 168 1695 rum
188 1655 336 1713 suorum,
366 1643 396 1695 et
416 1633 457 1693 ad
481 1634 559 1697 bene
580 1631 756 1693 merendum
782 1653 871 1712 quom
896 1634 1116 1714 reposcendum
1136 1657 1215 1716 pro-

123 1741 237 1781 ensror.
662 1772 665 1781 .

99 1740 121 1801 P
184 1799 511 1880 FretumessEurrbi
527 1798 704 1879 Clarissimo,
726 1801 810 1880 quod
822 1804 987 1884 imperasti.
1016 1803 1215 1871 ,floherimo-

102 1893 201 1970 giuem
220 1890 301 1950 senis
325 1889 430 1969 optimi
451 1909 519 1948 meo
539 1888 682 1968 penicillo
702 1887 917 1951 adumbratum.
958 1889 1058 1953 Habes
1077 1886 1145 1950 heio
1156 1909 1215 1948 ex-

101 1996 205 2056 pressa
227 1976 313 2054 signa
330 1974 478 2035 virtutum
499 1974 574 2053 ejus.
617 1976 655 2034 Et
675 1995 856 2053 quamquam
875 1975 1023 2035 monitore
1044 1995 1106 2034 nou
1127 1974 1216 2034 iudi-

102 2081 186 2140 geas,
209 2063 326 2141 quippe
345 2061 397 2140 qui
416 2059 551 2140 quotidie
571 2060 708 2139 exemplo
731 2060 808 2133 bene
827 2062 951 2121 vivendi
968 2058 1095 2139 praebes
1108 2060 1146 2120 iio
1161 2060 1216 2139 qui

102 2158 214 2207 rectam
231 2147 365 2207 semitam
378 2147 464 2226 sequi
476 2147 599 2218 volunt,
621 2143 730 2204 hortor
750 2155 848 2205 tamen
863 2158 893 2206 te
914 2156 950 2206 ut
962 2167 1082 2226 semper
1094 2146 1215 2206 intuea-

103 2232 146 2291 ris
158 2232 283 2292 inbono
304 2234 476 2308 imaginem,
498 2250 614 2307 semper
632 2229 713 2289 illius
732 2232 902 2298 memineris
915 2231 967 2312 qui
984 2241 1015 2292 te
1029 2241 1060 2293 et
1073 2231 1214 2311 diligebat

106 2326 138 2377 et
153 2317 431 2399 plurimisaoiebet
476 2315 558 2376 Vale.

345 2483 482 2547 Lutetiae
495 2481 679 2545 Parisiorum
691 2479 766 2544 Kal.
784 2482 940 2546 Novembr.
955 2503 1171 2546 uuoumvur.

137 3197 498 3292 rimosus
523 3196 837 3291 LIBRORUM
864 3194 1182 3286 rumorum
1228 3229 1309 3290 vo
1377 3311 1380 3317 Δ

145 3388 149 3399 ‘
207 3375 234 3428 A
249 3370 357 3426 vnto
374 3366 650 3423 cutulssttto
668 3366 843 3421 CAROLO
860 3364 918 3419 DU
934 3364 1111 3420 FRESNE

374 3486 378 3493 ’
445 3484 629 3541 DOMINO
646 3485 707 3540 DU
724 3482 884 3539 ctNGm.
1003 3492 1009 3509 ‘

562 3653 773 3665 -----

190 3766 325 3827 Histoire
346 3764 384 3825 de
404 3764 435 3823 la
456 3762 626 3842 conquesto
651 3760 688 3821 de
715 3758 959 3839 Constantinople
977 3758 1135 3838 comporto
1157 3780 1213 3838 par

111 3850 299 3932 Geoffroy
320 3850 365 3910 de
386 3848 742 3922 Ville-Herdouin,
766 3866 839 3905 aveo
854 3847 882 3905 la
897 3844 1143 3923 suitecomposee
1156 3865 1212 3923 per

109 3933 262 4018 Philippos
282 3937 434 3996 Mouskes.
477 3935 512 3993 A
526 3937 610 3996 Puris
629 3930 665 3993 cle
679 3927 883 4014 Z'Imprimerie
899 3927 1018 4011 Royale
1037 3929 1129 3993 1657.
1145 3926 1211 4010 fol.

190 4023 292 4084 Traite
307 4021 483 4101 Historique
499 4020 540 4078 du
556 4019 633 4079 chet
644 4019 680 4077 de
702 4017 810 4077 Soint
830 4016 845 4073 J
853 4035 921 4075 eon
941 4013 1134 4097 Baptiste.
1176 4011 1212 4071 A

110 4100 195 4167 Puris
209 4107 278 4169 obez
290 4104 442 4166 Sebastien
457 4102 610 4186 Cramoisy
630 4105 721 4168 1665.
743 4100 787 4164 4⁰.

178 4193 323 4254 Histoire
348 4193 386 4251 de
407 4190 520 4251 Saini
539 4186 660 4249 L'ou‘r‘s
681 4189 735 4247 IX.
757 4187 799 4246 du
820 4206 905 4261 nom,
934 4185 1002 4263 Roy
1026 4182 1063 4240 do
1084 4179 1210 4254 Frrnoe,

113 4273 201 4339 ecrite
221 4297 280 4360 por
305 4277 399 4337 Jeuu
419 4276 504 4337 Sire
526 4275 570 4337 de
590 4271 795 4348 Joinville,
825 4291 899 4331 oveo
921 4269 975 4330 des
998 4264 1211 4326 observatione
1320 4346 1321 4352 ἵ
