2992 4894
272 296 323 369 32
670 280 982 357 nuncnunc.

273 466 312 527 ds
329 468 463 537 Snssttue
489 469 520 527 et
532 458 656 521 Daniele
663 501 685 541 ,,
694 459 842 540 Joacimo,
864 461 917 540 qui
937 470 966 531 et
984 459 1117 541 turbes,
1127 462 1297 542 appellatus
1310 473 1376 540 nst,

272 552 347 630 Regi
366 549 475 623 Iudae,
502 546 568 621 filio,
585 546 710 621 Joaoipii
730 546 835 625 Regis,
857 567 892 606 ac
903 546 1001 609 Josiae
1019 546 1123 627 nepoti
1138 557 1200 608 tres
1211 530 1302 628 'regni
1315 571 1379 608 an-
1440 544 1445 551 ’

273 632 329 699 iios
360 635 508 708 tribuere,
537 640 643 693 contra
673 646 771 713 quam·
781 631 945 709 Eusebius,
973 642 1080 709 ruptor
1098 631 1253 697 Pasciselis
1273 644 1303 695 et
1323 634 1379 694 slii

272 722 399 803 passim,
428 719 480 799 qui
505 727 571 778 tres
595 716 680 796 regni
706 717 862 791 domant.
877 730 992 779 menses
1023 717 1120 778 eidem
1149 719 1316 797 assignant,
1343 718 1379 778 id

271 809 371 887 ipsum
386 803 523 864 tradatur
541 803 573 860 in
587 801 646 861 hoc
661 800 833 878 Chronico,
848 801 931 869 hisce
946 802 1061 871 verbius
1088 801 1160 864 Post
1175 801 1312 865 Jouchim
1328 827 1380 863 re-

270 889 441 973 gnatfilius
457 891 518 970 ejus
532 884 671 948 Joaattm
688 885 898 964 assuitibus,
918 903 945 947 et
962 886 1046 948 uano·
1055 884 1138 948 duait
1152 886 1196 947 ad
1209 912 1276 950 mm
1290 910 1377 951 oom-

270 974 401 1059 peditum
414 968 692 1037 Nabuchodonosor
704 970 778 1035 Rex
788 970 953 1057 Babylonis
969 987 996 1033 et
1008 970 1090 1034 alios
1103 992 1170 1053 qum
1178 995 1229 1045 po.
1332 1002 1337 1011 ·

108 1167 268 1223 mem.
358 1142 456 1205 XXV.
501 1142 644 1203 Chronici
673 1136 761 1204 istius
784 1143 900 1205 codex·
915 1142 1120 1209 membraneus
1141 1142 1205 1206 MS.
1227 1152 1377 1219 servatur,

35 1238 39 1247 '
184 1238 255 1292 1²21
275 1240 310 1291 ut
332 1229 501 1307 attigimus,
527 1233 568 1297 ¹in
585 1226 773 1293 Bibliotheca
792 1230 917 1307 Collegii
933 1229 1088 1307 Societatis
1103 1226 1187 1290 'Jesu
1206 1228 1377 1302 Parisiensi,

108 1305 268 1392 ⁰⁰,P⁸³⁰h³,¹i
313 1317 453 1393 secipuee
479 1315 682 1393 antiquitatis,
712 1336 780 1383 cum
804 1315 886 1375 circa
899 1315 1009 1393 ,Caroli
1038 1316 1077 1376 M.
1100 1316 1150 1374 vel
1174 1324 1254 1375 certe
1276 1310 1378 1374 Caroli

115 1377 259 1450 ΗΨΡοῙΥῃ·
274 1337 358 1460 iinvi
372 1411 510 1479 tempora
531 1410 671 1471 maratus
685 1401 739 1478 sit,
762 1402 793 1460 in
807 1386 873 1479 quo'
882 1400 1091 1469 descnibuntur
1104 1410 1259 1479 praeterea
1275 1398 1379 1458 Chro-

274 1487 364 1549 nicon
381 1486 501 1559 Eusebii
526 1506 563 1545 ex
584 1487 720 1553 versione
740 1488 770 1545 S.
790 1486 985 1569 Hieronymi,
1007 1484 1223 1559 deinde.1datii
1240 1484 1380 1544 Chroni-

274 1590 330 1631 con
346 1570 459 1630 editum
473 1590 512 1630 ex
526 1571 631 1631 eodem
649 1570 754 1649 codice
772 1593 790 1630 a
811 1570 985 1632 Sirm'ondo:
1007 1571 1054 1630 cui
1079 1571 1282 1651 subjiciuntur
1293 1570 1319 1627 F
1321 1569 1379 1629 asti

275 1650 452 1723 Consulares
471 1677 487 1714 a
508 1657 596 1715 Bruti
617 1665 647 1715 et
663 1657 803 1716 Collatini
818 1657 999 1729 Consulatu,
1021 1656 1060 1715 ad
1083 1656 1234 1723 Anthemii
1249 1653 1382 1732 Augusti

274 1742 438 1803 secundum
453 1740 662 1814 Consulatum,
684 1743 720 1800 ab
739 1743 842 1813 eodem
857 1741 1016 1802 Sirmondo
1037 1734 1174 1825 partim,
1185 1741 1381 1818 integrivem

275 1851 292 1888 a
308 1828 448 1907 Philippo
462 1826 580 1886 Labbeo
593 1828 763 1908 publicati·
791 1816 859 1889 Hui
874 1827 1000 1905 subinde
1017 1828 1130 1917 excipit
1151 1827 1232 1887 idem
1242 1825 1383 1889 Chroni-

275 1935 332 1973 oon
353 1912 434 1992 quod
454 1912 620 1992 Hippolyto
641 1918 773 1973 assere're
790 1913 950 1987 studemus,
974 1910 1032 1970 hoc
1053 1914 1160 1973 titulo:
1179 1910 1273 1972 Lites
1286 1918 1383 1992 'grens-

276 2000 399 2059 rutionis
417 1994 456 2055 ob
469 1994 574 2057 Adam
589 2021 678 2080 usque
698 1996 740 2057 cd
754 1994 917 2058 ordinem*
938 2018 1013 2080 quoe
1027 2000 1190 2065 continetur
1208 1998 1240 2056 in
1257 1995 1315 2067 isos
1334 1992 1382 2054 lid

277 2084 337 2143 hro.
381 2081 481 2140 Titulo
499 2083 659 2163 subjicitur
678 2083 777 2143 Index
799 2084 915 2162 operis:
944 2082 1040 2145 Indici
1062 2084 1210 2147 Praefatio
1226 2080 1381 2140 adnesoio
1486 2149 1487 2154 ἵ

275 2188 365 2250 quem
389 2166 565 2228 Diaconum.
615 2167 719 2228 Codex
740 2169 850 2229 desinit
867 2168 1037 2227 in=seriem
1068 2170 1183 2247 Regium
1211 2168 1383 2242 Persarum,

276 2273 401 2332 eamque
414 2253 573 2330 mutilpm,
594 2240 670 2315 otim*
688 2264 872 2333 postremum
899 2246 1011 2341 podicis
1033 2253 1139 2315 folium
1162 2252 1259 2313 media
1276 2252 1322 2311 sui
1348 2251 1383 2309 in
1487 2322 1488 2339 Χ

273 2340 396 2416 longum
413 2340 682 2418 partelaoeratum
703 2342 758 2416 sit,
785 2340 904 2421 temetsi
923 2338 1126 2419 antiquarium
1151 2337 1277 2399 ulterim
1294 2335 1384 2396 haud
1487 2364 1488 2367 ¹

191 2444 193 2449 ’
273 2418 454 2506 processisse
467 2435 621 2504 appareat.
664 2427 705 2484 At
726 2446 795 2484 cum
813 2425 906 2485 editio
923 2412 1080 2483 Laliheaine
1089 2427 1186 2501 -longe
1200 2422 1290 2503 plura
1304 2424 1385 2480 'con-

272 2512 387 2584 tineat,
416 2506 635 2586 praeter'hunc
655 2509 808 2586 codicem,
839 2528 928 2586 quem
949 2509 1075 2570 indubie
1094 2510 1186 2583 vidit,
1208 2517 1240 2569 et
1263 2527 1384 2575 mecum

244 2586 247 2593 ’
275 2593 505 2653 communicavit
524 2592 574 2651 vir
591 2592 775 2667 humanitate
787 2593 913 2672 perinde
929 2614 964 2652 ac
981 2590 1147 2655 eruditione
1162 2592 1385 2653 commendan-

275 2678 332 2737 dus
347 2680 474 2736 ioannes
486 2677 679 2754 Haeduinus,
702 2689 732 2739 et
753 2679 913 2739 editionem
931 2680 1056 2756 Canisii,
1078 2682 1153 2756 alio,
1175 2681 1288 2760 quique
1302 2677 1385 2737 sub-

274 2763 369 2839 didit,
400 2764 576 2843 c'ompiexus
600 2763 709 2840 fuerit,
739 2784 827 2849 usum
848 2764 999 2824 Labbeum
1018 2760 1179 2829 verisimile
1200 2772 1260 2825 est:
1287 2783 1384 2843 prae-

276 2850 379 2908 sertim
393 2867 461 2907 cum
475 2848 567 2909 editio
579 2850 693 2919 Canbii
708 2850 739 2908 in
757 2850 864 2910 seriem
882 2851 995 2928 Regum
1014 2842 1212 2913 Macedonum
1231 2848 1385 2909 duntaxat

276 2933 409 3008 desinat,
433 2934 509 2992 et'in
525 2935 674 3014 scriptura
697 2956 766 2994 cum
789 2934 946 2994 Eabbeana
960 2930 1182 3016 hasidsemper
1203 2933 1382 3011 consentiat,

276 3018 312 3079 tit
323 3040 361 3077 ex
376 3018 540 3083 lectionum
551 3020 749 3097 diversitate,
772 3041 862 3099 qnam
877 3020 1086 3100 apponendam
1102 3021 1260 3097 duximus,
1282 3018 1385 3078 cuivis

278 3103 446 3183 apparebit.
491 3104 630 3165 codicem
653 3107 742 3169 etiam
762 3106 821 3168 MS.
838 3126 907 3165 cum
924 3107 1062 3167 Editione
1083 3107 1241 3166 La'bbeana
1260 3122 1385 3179 rursum

278 3189 474 3259 contulimus,
493 3196 543 3250 'ex
566 3212 627 3270 quo
648 3190 781 3251 infinitos
803 3184 1027 3271 propemodum
1042 3194 1127 3252 locos
1148 3190 1383 3264 emendavimus,

276 3273 351 3353 ipsis
367 3274 484 3350 verbis,
506 3288 599 3363 prout
612 3276 729 3356 jacent,
751 3277 852 3336 etiam
865 3297 933 3335 cum
946 3278 1047 3337 naevis
1067 3277 1128 3337 suis
1147 3275 1323 3355 descriptis,
1346 3285 1385 3334 ut

278 3360 383 3418 iterata
398 3360 674 3441 editione,·huicce
693 3362 968 3447 quodrecudimus
989 3362 1123 3422 Paschali
1137 3362 1285 3422 Chronico
1299 3380 1385 3443 pro-

278 3453 348 3524 pter
369 3446 576 3523 cognationem
595 3448 751 3524 materiae,
773 3458 899 3528 proptor
920 3438 1042 3509 scilicet·
1056 3447 1212 3508 Pascheles
1233 3447 1384 3507 observa-

276 3529 390 3605 tiones,
414 3530 633 3610 adjnngeretur.
677 3534 837 3601 Caeterum
849 3553 910 3591 nou
924 3534 1027 3594 eadem
1039 3536 1164 3593 omnino
1177 3534 1268 3609 serie,
1291 3550 1383 3610 quam

276 3613 369 3673 index
392 3618 540 3694 praesent,
568 3619 713 3697 sectiones
729 3618 782 3678 'vel
802 3620 900 3697 capita
920 3619 1033 3698 ubique
1057 3606 1277 3681 describuntur.
1322 3614 1384 3674 Sed

278 3708 310 3758 et
331 3698 416 3758 deest
435 3710 620 3779 postremum
643 3713 752 3783 caput,
772 3702 858 3782 quod
881 3703 1233 3786 nomina-Episcoporum
1255 3698 1384 3776 Romae,

277 3786 409 3865 etquis,
438 3801 510 3867 quot
527 3789 613 3848 annis
638 3786 785 3871 praefuit,
814 3788 1003 3849 continebat:
1034 3810 1113 3864 non,
1140 3790 1186 3848 uti
1210 3795 1312 3848 censet
1332 3785 1385 3845 vir

277 3867 468 3929 doctissimus
484 3866 538 3949 ¹),
568 3873 651 3953 quod
674 3875 744 3932 ideo
766 3874 907 3932 omissum
927 3875 1022 3936 fuerit
1040 3897 1058 3934 a
1073 3872 1227 3949 Librario,
1254 3871 1324 3951 quia
1344 3869 1387 3955 ab

276 3952 442 4015 Eusebiano
469 3954 632 4034 Cinonico,
662 3948 943 4031 cui·adlmerebet‚='
971 3979 1151 4041 magnopere
1179 3958 1385 4037 discreparem

278 4038 361 4117 quod
375 4059 445 4099 sene
457 4040 513 4103 rix
527 4038 762 4131 'quispiumfsibi
777 4044 973 4125 persuadeat,
994 4045 1047 4105 sed
1062 4045 1169 4127 potius
1178 4036 1263 4139 quod
1275 4046 1385 4121 revera

185 1978 211 2029 V
225 1977 257 2031 19

191 2047 202 2073 *
220 2046 259 2100 sio

312 4240 346 4308 1)
368 4202 442 4297 ioan.
468 4241 624 4297 Pearsonius
648 4243 772 4314 Episcop.
796 4243 882 4299 cestr.
902 4206 933 4298 in
953 4242 1065 4299 Dissert.
1089 4243 1124 4297 de
1146 4234 1386 4313 mooun'primor.

347 4308 584 4383 Episcopssomae
599 4330 658 4385 esp.
678 4315 720 4368 10.
737 4331 763 4367 n.
782 4315 807 4369 1.
1197 4340 1202 4347 ·
1331 4320 1338 4337 ’
