2992 4894
526 320 836 389 rasessrro.
1190 333 1240 404 37

127 516 214 558 mem
227 494 465 571 Alexandrinus,
492 504 527 555 ut
542 504 572 555 et
584 496 690 556 Petrus
703 492 925 554 Alexandrinus
940 495 1124 578 Episcopus,
1147 519 1241 578 aquo

126 583 151 641 it
163 581 342 656 laudantur,
362 586 407 643 uti
430 591 558 641 testatur
572 581 711 643 Petavius
725 578 760 658 l)
782 589 817 639 ut
840 590 922 660 patet
937 602 976 640 ex
990 582 1123 643 Auctore
1141 583 1239 644 Chro-

127 668 191 726 nici
206 667 241 725 in
253 667 459 727 Praefatione:
486 688 564 746 quae
579 664 699 744 quidem
717 667 864 746 opuscula
879 675 981 726 extare
996 670 1046 730 val
1059 670 1193 735 utitiem
1206 671 1239 730 in

124 751 317 813 Bibliotheca
332 753 421 831 Regis
436 751 583 821 Catholici
596 772 634 812 ex
649 752 733 810 illine
748 751 848 813 indice
862 751 1019 816 docemur.

215 923 329 986 XXIX.
373 924 448 983 Sane
462 924 568 984 saltem
582 923 653 985 inde
664 924 807 1002 colligere
824 924 914 984 liceat
926 922 1067 984 Heraclio
1083 923 1235 1005 imperari·
1241 917 1368 976 Heredis>

126 1018 160 1071 te
179 1009 278 1067 varias
294 1018 414 1068 exortae
438 1009 475 1069 de
499 1008 722 1069 Festiuitatibus
736 1009 942 1085 Paschalibua,
964 1030 1038 1088 quas
1052 1008 1136 1069 hisce
1150 1020 1250 1094 tem-0
1269 1006 1343 1062 1³25

124 1093 255 1174 poribus
267 1093 368 1153 minue
382 1114 530 1173 congruae
541 1095 630 1154 faiam
644 1096 776 1155 advertit
790 1095 877 1156 etiam
890 1095 938 1155 vir
948 1081 1385 1161 doctissimusflanr.¹¹²¹t⁰¹¹⁰l⁶

125 1177 370 1259 notuerunt),
403 1180 634 1256 controversias,
664 1201 739 1259 qnae
760 1202 862 1241 ansam
884 1183 1132 1260 occasionemque
1147 1163 1400 1270 prae-{53⁰3

125 1263 252 1324 buerint
269 1265 386 1324 auctori
408 1265 559 1326 Paschalis
576 1264 733 1341 chronici,
750 1269 786 1330 »8.
799 1267 945 1343 Maximo,
966 1265 1070 1326 Joanni
1089 1266 1332 1348 Philopo-,ohm
1338 1300 1400 1338 con·

126 1369 186 1424 no,
208 1358 238 1409 at
256 1350 322 1409 aliis
342 1351 420 1410 forte
437 1344 524 1411 nobie
541 1351 686 1411 hactenus
708 1352 886 1430 incognitis,
910 1351 947 1412 de
960 1352 1183 1430 quaestionibus
1197 1352 1392 1413 demorantes.

127 1433 273 1497 Paschate
296 1436 423 1495 subinde
442 1458 477 1498 ea
489 1443 595 1497 'aetate
617 1437 749 1515 agitatis,
772 1436 981 1499 conscribendi
997 1438 1236 1501 commentarios.

125 1521 204 1580 Nam
218 1521 358 1601 licetpro
375 1532 441 1582 rato
455 1521 563 1582 acfixo
578 1522 657 1581 illine
670 1523 843 1583 celebrandi
858 1524 922 1584 dies
936 1521 1098 1583 haberetur
1111 1522 1163 1603 ⁸),
1186 1545 1238 1584 ae
1310 1538 1315 1545 '
1386 1554 1389 1567 ·

127 1605 250 1666 cidebat
268 1605 422 1667 interdum
439 1618 473 1667 ut
485 1609 517 1667 in
531 1628 567 1668 eo
580 1629 667 1668 error
688 1609 738 1668 vel
754 1608 890 1669 dubietas
904 1609 1115 1684 interveniret,
1136 1618 1172 1668 ut
1183 1630 1237 1668 an·
1263 1602 1267 1623 ⁸

125 1711 169 1751 no
189 1711 280 1751 xxvr.
305 1690 467 1753 Theodosii
484 1694 631 1774 junioris,
651 1714 732 1754 anno
747 1715 777 1754 v.
800 1694 958 1768 Marciani,
980 1714 1047 1754 xix.
1067 1694 1238 1770 lastiniani,

126 1786 158 1836 et
169 1796 225 1839 xx.
240 1776 424 1862 copronymi
436 1781 570 1840 evenisse
586 1788 689 1839 narrat
703 1777 916 1858 Theophanes:
939 1779 1107 1859 cujusmodi
1123 1779 1238 1840 similae

127 1866 209 1921 circa
229 1861 345 1921 Pascha
368 1884 499 1941 errores,
534 1885 593 1925 non
612 1865 704 1925 semel
721 1865 869 1926 accidisse
889 1866 920 1923 in
941 1863 1040 1923 Gallie
1059 1873 1166 1923 auctor
1189 1874 1237 1924 eet

126 1947 291 2025 Gregorius
305 1949 487 2011 Turonensis
498 1948 553 2027 ⁴),
587 1951 678 2009 immo
695 1971 773 2009 anno
792 1949 922 2010 Heraclii
936 1970 999 2011 xvi.
1018 1948 1100 2028 apud
1116 1952 1234 2024 Scotos,

76 2042 82 2051 '
122 2032 208 2092 Beda
224 2045 254 2093 et
270 2034 424 2095 Marianus
438 2038 546 2096 Scotue
560 2034 603 2116 ὅ).
647 2035 818 2109 Quinetiam
832 2037 959 2116 ipsemet
972 2035 1128 2096 Heraclius
1143 2055 1235 2095 com-

122 2127 234 2197 putum
253 2120 499 2181 Ecclesiasticum
517 2121 563 2181 uti
580 2129 706 2196 vocant,
729 2123 927 2201 conscripsit,
948 2121 1069 2200 Imperii
1088 2141 1156 2180 1111.
1177 2121 1236 2179 ln-

124 2203 200 2262 dict.
213 2223 259 2263 11.
284 2204 392 2265 Christi
415 2226 493 2266 anno
507 2206 623 2283 vulgari
635 2225 766 2265 nexxrn.
787 2217 821 2266 ut
832 2209 959 2286 ipsemet
974 2215 1116 2282 testatur,
1135 2206 1235 2265 tribua

124 2288 303 2349 distinctum
324 2291 472 2371 capitibus
495 2292 545 2351 vel
566 2291 764 2365 sectionibus,
796 2313 834 2350 ao
850 2310 949 2369 nuper
972 2291 1087 2350 editum
1109 2309 1234 2371 usupra

122 2373 249 2433 laudato
264 2374 302 2436 H.
317 2376 482 2438 Dodwello.
525 2375 640 2435 Harum
655 2377 821 2435 sectionum
834 2375 932 2455 prima
948 2383 993 2433 ast
1008 2375 1045 2433 de
1060 2376 1175 2434 ratione
1187 2377 1236 2433 in-

122 2459 265 2520 veniendi
284 2460 431 2542 cujusque
453 2461 562 2521 mensis
578 2470 608 2521 et
627 2461 810 2540 septimanae
830 2461 908 2521 diem
930 2459 1094 2537 etfaciam,
1119 2468 1149 2519 et
1165 2458 1235 2517 Bis-

123 2555 253 2606 sextum.
299 2548 402 2606 Altera
426 2549 559 2607 continet
585 2546 887 2622 demonstrationem,
909 2563 963 2603 cur
984 2553 1123 2623 oporteat
1144 2563 1234 2623 quaa-

120 2643 224 2692 rentes
246 2642 369 2710 quotam
389 2635 498 2693 mensis
519 2633 715 2692 Alexandrini
736 2633 831 2701 diem,
857 2630 991 2691 atribus
1012 2638 1081 2689 anta
1096 2631 1235 2708 Septem-

121 2717 208 2776 brem
231 2718 337 2777 diebus
355 2719 499 2798 incipere.
551 2720 651 2777 Tertia
670 2718 798 2796 donique
818 2714 993 2777 methodum
1014 2715 1235 2793 complectitur,

123 2823 185 2880 qua
202 2802 315 2862 Pascha
335 2805 501 2863 secundnm
524 2804 762 2863 Ecclesiasticam
781 2802 973 2862 traditionem
995 2801 1034 2859 eit
1051 2799 1237 2877 investigan-

122 2888 204 2947 dum.
256 2887 316 2964 Qui
338 2889 460 2968 quidem
483 2899 643 2970 computus
668 2899 828 2968 excerptus
849 2887 960 2947 dicitur
977 2907 1001 2946 .e
1020 2883 1236 2947 commentario

121 2972 258 3055 ejusdem
273 2976 400 3053 Augusti
415 2976 446 3034 in
459 2978 628 3059 προχείροις
644 2975 777 3034 Canones
793 2972 967 3034 Ptolemaei.

208 3145 304 3202 XXX.
348 3144 411 3205 Nec
431 3145 495 3215 acio
516 3166 554 3205 an
569 3144 677 3204 huicce
697 3143 827 3203 Heraclii
849 3142 1020 3223 tempestati
1040 3128 1378 3216 adscnhenml'ucheli·

43 3232 50 3243 ’
118 3236 279 3311 praeterea
296 3229 355 3288 sint
376 3231 508 3290 duorum
523 3231 750 3309 Anonymorum
771 3230 841 3289 libri
858 3230 896 3289 de
917 3226 1081 3303 Paschat'e‚
1104 3200 1367 3325 quornmftufillss‘ae⁰

119 3315 257 3374 meminit
271 3314 396 3375 Photins
410 3312 463 3399 ο);
487 3316 539 3394 qui
556 3315 677 3392 quidem
695 3314 818 3374 eandem
837 3335 924 3392 qnam
939 3312 1126 3390 Philoponue
1139 3320 1169 3370 et
1183 3329 1236 3368 au-

120 3408 190 3459 ctor
205 3398 346 3459 Chronici
361 3401 511 3461 Paschatia
532 3401 599 3459 tuiti
616 3400 759 3459 dicuntur
774 3399 968 3472 sententiam,
991 3395 1143 3454 Christum
1157 3393 1238 3454 scili·

120 3495 170 3544 cet
183 3483 386 3547 decimotertio
402 3486 519 3562 Lunae,
542 3507 594 3545 seu
618 3505 702 3544 sacra
720 3485 794 3544 feria
811 3484 932 3563 quinta,
956 3479 1068 3540 Pascha
1084 3481 1236 3539 nomicum

117 3590 182 3630 non
200 3571 375 3640 celebrasse,
401 3592 470 3633 cum
487 3591 586 3650 neque
601 3590 725 3649 agnum,
746 3590 845 3648 neque
860 3587 963 3647 azyma
985 3564 1163 3640 comederit,
1183 3584 1236 3623 ne-

118 3676 181 3737 que
202 3655 286 3715 aliud
307 3658 462 3739 quidpiam
483 3677 587 3717 eorum
607 3656 730 3730 fecerit,
752 3675 829 3734 qnae
848 3653 944 3732 legale
960 3652 1154 3712 observantes
1173 3649 1233 3708 Pa·
1250 3646 1275 3701 V
1290 3647 1329 3702 23

118 3740 194 3801 echa
211 3763 294 3802 more
306 3743 429 3825 rituque
449 3743 599 3824 majorum
621 3740 783 3802 observare
797 3741 950 3800 solebant:
972 3735 1160 3819 proindeque
1175 3732 1236 3815 pri·

155 4015 190 4118 ²)
206 4014 267 4071 Lib.
285 4014 327 4069 12.
345 4014 379 4068 da
396 4014 479 4098 dpotr.
497 4021 576 4085 temp.
592 4030 652 4098 pap.
670 4013 712 4067 15.

155 4087 191 4257 p)
205 4083 689 4237 Pidbuhtmligeiisffihbsfyplinlddp·
707 4084 751 4138 82⁰

155 4224 191 4358 a
205 4223 267 4345 n:

156 4363 191 4431 ⁶)
208 4359 276 4415 cod.
296 4361 354 4416 115.
372 4362 432 4418 116.
