3010 4904
258 343 335 419 562
463 350 483 409 .'
614 344 1013 414 ANIMADVERSIONES

258 511 419 595 phaxadua
441 510 545 570 Ginnn
566 505 660 594 (Sive
681 510 828 592 cainam)
850 509 942 570 Csina
963 507 1057 589 gignit
1077 508 1194 580 Salam,
1215 507 1286 568 Saia
1306 507 1364 568 He-

258 600 325 673 ben,
344 597 401 657 sub
423 616 484 675 quo
505 599 599 656 turris
617 597 735 657 molitio
758 605 875 677 coepta.
919 596 1032 656 Eodem
1054 594 1147 655 modo
1167 594 1200 652 in
1223 594 1365 655 Pinario:

260 680 332 764 »hp
351 681 456 745 τοίνυν
476 686 572 768 γεννᾷ
590 678 644 746 τὸν
655 675 817 765 Atrocitati,
838 675 989 763 Αρφάξαδ
1008 677 1063 745 civ
1084 683 1187 760 Knvoi,
1209 676 1366 760 Knvoiro'o

261 772 367 845 loto,
386 771 474 829 Σαλᾶ
494 763 545 830 riv
566 769 667 849 Εβερ,
682 777 747 829 etc.
791 766 883 843 Quod
903 776 1004 829 autem
1025 767 1058 826 in
1079 767 1132 833 66.
1154 762 1273 828 haeresi
1296 765 1367 825 omi·

261 854 335 915 serit
356 849 469 928 Kutvo',
489 852 597 913 fecieae
617 852 739 913 videtur
759 852 798 913 ob
819 852 993 928 Samaritae,
1019 860 1126 912 contra
1148 870 1225 930 quoa
1246 849 1289 910 ibi
1305 850 1368 910 dir·

260 948 351 1022 putat
371 958 410 998 ex
433 957 538 998 eorum
564 939 734 1017 volumine,
761 937 815 1020 qui
840 938 998 1000 Hebraicis
1016 937 1189 999 utebantur
1211 937 1368 1018 exempla·

260 1026 366 1099 ribus,
386 1023 548 1101 inquibus
570 1021 673 1087 Kotooi
693 1023 786 1084 deest.
831 1023 908 1103 Lege
928 1025 1077 1084 Graecum
1099 1021 1222 1083 Euschii
1243 1019 1369 1083 Chroni-

263 1132 337 1189 con,
357 1111 390 1169 in
410 1124 471 1190 quo
495 1109 588 1169 verba
607 1130 648 1170 ex
668 1110 880 1173 Samaritarum
902 1108 1069 1190 exemplari
1088 1118 1255 1189 ponuntur.

345 1195 400 1255 IX
444 1195 502 1262 Qui
520 1215 585 1272 crgo
600 1196 725 1276 faerno,
747 1202 774 1255 et
794 1215 863 1275 qum
884 1196 1063 1277 orto-parto
1086 1195 1171 1255 diuiti
1189 1191 1369 1274 habitarint]

177 1316 180 1332 ·
262 1281 356 1357 Quae⁴
368 1284 506 1359 sequitur
526 1280 608 1340 orbis
627 1290 725 1341 terrae
745 1281 871 1361 partitio
892 1300 931 1340 cx
952 1280 1135 1361 Epiphanio,
1156 1279 1369 1358 Eusebiodo·

261 1366 372 1450 sepho,
400 1365 563 1441 Africano,
590 1374 623 1425 et
652 1366 718 1426 aliis
746 1374 792 1425 cst
817 1365 1007 1448 deprompta.
1056 1364 1143 1426 Unde
1170 1374 1202 1425 et
1226 1364 1369 1445 anonymi

262 1453 324 1513 duo
346 1450 433 1512 latini
453 1470 505 1511 seu
525 1450 745 1511 barbarolatioi
766 1449 990 1531 chronographi
1018 1470 1087 1510 snas
1114 1460 1213 1511 terrae
1229 1450 1370 1510 ,divisio-

262 1558 317 1599 nes
332 1536 570 1618 descripserunt,
590 1554 718 1616 quorum
741 1536 819 1597 alter
838 1536 970 1596 secundo
990 1545 1075 1597 tomo
1097 1537 1247 1616 Antiquae
1263 1536 1370 1597 lectio-

262 1624 310 1683 nis
333 1620 457 1682 Heorici
479 1620 590 1680 Caoiaii
615 1622 789 1682 continetur
816 1640 884 1682 cum
911 1621 972 1683 hac
998 1621 1216 1703 inacriptione=
1232 1622 1372 1682 cottam

262 1710 389 1769 tumim
409 1707 638 1786 chronographica
659 1728 693 1767 ea·
714 1709 852 1787 Anonymo
875 1711 923 1787 put
942 1710 991 1767 ouh
1011 1707 1167 1768 Alexandro
1192 1706 1294 1768 Seuero
1314 1708 1372 1767 Im·

260 1799 383 1876 parotcrc
409 1796 501 1869 vicit,
538 1793 678 1854 cotenon
708 1794 791 1852 Gallo
819 1794 934 1873 quodum
965 1793 1059 1854 Caroli
1084 1795 1180 1870 magni
1206 1795 1370 1873 temposihuo.

263 1881 349 1940 Alter
368 1880 399 1938 in
422 1876 563 1938 thesauro
585 1877 754 1939 Eusebiano
776 1898 844 1938 cnm
865 1877 925 1938 hoc
950 1877 1060 1940 titulox
1087 1878 1373 1959 Exempto-utilissi-

263 1986 309 2026 snc
328 1985 366 2049 ex,
380 1968 470 2044 priore
491 1965 558 2024 libro
579 1964 767 2042 chronologico
787 1964 905 2024 Boeoti
931 1969 957 2024 et
977 1963 1122 2044 Africano,
1148 1971 1175 2024 et
1203 1965 1270 2024 atio
1290 1966 1376 2025 latine

262 2070 389 2111 conuerso
409 2051 444 2108 oh
463 2050 565 2110 homine
584 2051 715 2125 barbaro,
736 2055 785 2109 cto.
828 2050 956 2110 Prorsus
976 2049 1092 2128 gemina
1113 2059 1203 2125 sunt,
1222 2070 1304 2130 quae
1323 2049 1372 2110 hic

262 2136 295 2195 in
318 2144 421 2215 nostro
447 2134 684 2215 chronographo
711 2145 742 2196 et
761 2135 824 2194 illis
845 2135 965 2194 duobus
995 2137 1094 2212 leges,
1122 2144 1271 2216 quantum
1302 2141 1373 2216 qui-

264 2221 332 2283 dem
355 2220 395 2280 ad
417 2218 473 2280 has
493 2220 661 2303 primorum
683 2219 839 2280 hominum
869 2219 1061 2298 migrationes
1085 2228 1116 2280 et
1142 2221 1281 2281 colonias
1300 2242 1373 2302 per·

238 2299 252 2316 '
265 2307 350 2366 tinet.
394 2306 509 2366 Omitto
529 2304 581 2365 hic
603 2307 709 2385 quiin
733 2305 861 2365 Genesin
884 2305 1115 2366 commentarios
1133 2307 1290 2387 scripsere,
1318 2326 1373 2367 nec

265 2392 400 2452 exoticos
422 2392 596 2468 Pausanias,
623 2393 827 2466 Ptolemaeos,
859 2390 1037 2468 strabones,
1070 2389 1278 2472 Phrynichos,
1307 2395 1374 2454 Ste-

264 2477 401 2559 phanos,
423 2477 555 2554 Plinius,
574 2478 713 2552 Solinoa,
735 2477 847 2553 Melae,
869 2486 901 2537 et
922 2477 998 2536 alios
1019 2496 1180 2555 recenseo,
1203 2478 1258 2558 qui
1278 2486 1374 2539 terras

265 2563 329 2623 suis
350 2561 495 2625 definiere
517 2562 618 2642 libris,
645 2562 801 2645 populos,¹
821 2562 956 2623 colonias
978 2561 1148 2640 deduxere,
1181 2583 1259 2644 quae
1280 2563 1375 2624 disci-

265 2648 347 2728 plina
369 2648 595 2716 Geometrarum
617 2658 648 2709 et
669 2646 915 2728 Gcographorum
939 2657 994 2708 est.
1107 2655 1112 2662 ’

109 2785 111 2789 ,
214 2739 250 2794 27
351 2735 391 2796 X.
433 2734 477 2795 Dc
496 2732 693 2815 harmonio]
725 2733 870 2813 Sequitur
892 2731 1058 2814 mythicum
1079 2733 1231 2795 saeculum
1250 2755 1306 2796 seu
1328 2737 1376 2795 fa·

265 2818 406 2879 hulmum
428 2820 511 2900 apud
533 2821 669 2881 exoticos
689 2820 864 2899 scriptores,
885 2820 918 2878 in
940 2839 1002 2899 quo
1023 2819 1049 2877 si
1070 2818 1169 2877 Latini
1189 2840 1260 2880 cum
1284 2821 1376 2882 Grae·

266 2903 326 2978 cis,
352 2913 382 2963 et
400 2904 509 2964 Graeci
528 2905 608 2967 inter
629 2925 661 2965 sc
682 2924 745 2964 non
767 2904 961 2980 conveniant,
980 2903 1094 2971 mirum
1114 2904 1214 2965 videri
1236 2927 1299 2967 non
1321 2907 1375 2968 de-

265 2989 333 3064 bet,
359 2988 429 3068 quia
458 2990 638 3051 fabulosum.
681 2993 773 3049 Sacra
800 2986 928 3051 historia
957 2988 1132 3068 singillatim
1161 3010 1220 3072 per
1248 2993 1375 3053 familias

266 3081 388 3156 patrum
408 3074 615 3135 Hebraeorum
636 3076 839 3136 continuatur.
1162 3119 1163 3123 =
1201 3086 1203 3093 “

353 3159 407 3219 XI.
447 3160 480 3220 E
500 3160 577 3221 Seno
595 3160 704 3241 stiipe]
727 3161 751 3220 E
773 3159 878 3220 Chenai
902 3159 1044 3239 sanguine
1066 3158 1200 3220 Chuaum
1215 3171 1318 3222 notum
1332 3162 1377 3222 di·

269 3244 357 3305 vinae
377 3245 498 3306 litterae
519 3246 663 3323 tradunt,
690 3246 810 3325 corrigo
833 3265 904 3324 ergo
926 3255 1062 3307 nostrum
1086 3244 1281 3308 Chronicnm.
1324 3250 1374 3307 Ce-
1477 3264 1478 3305 t

269 3330 381 3389 drenus
398 3329 462 3391 'hoc
481 3331 554 3391 loco
573 3332 676 3393 eodem
698 3351 770 3391 cnm
790 3341 895 3392 nostro
916 3330 954 3391 de
975 3334 1123 3407 Saturno,
1145 3331 1241 3410 Pico,
1261 3333 1374 3410 Fauno,
1477 3358 1478 3367 ¹

196 3422 199 3426 ’
269 3415 438 3493 Mercurio,
466 3416 597 3493 Venere,
627 3417 723 3494 Belo,
750 3417 927 3492 Zoroastre,
962 3416 1071 3494 Marte,
1111 3418 1221 3478 Perseo
1251 3428 1285 3479 et
1310 3419 1375 3478 aliia

269 3509 391 3576 narrat,
418 3501 572 3581 multoque
603 3503 691 3582 plura
721 3502 821 3563 addite
850 3502 908 3562 nisi
937 3502 1020 3580 quod
1040 3507 1071 3563 in
1093 3505 1254 3564 Zoroastre
1276 3514 1376 3565 noster

269 3595 377 3646 auctor
398 3587 456 3645 sibi
475 3607 538 3647 non
559 3597 677 3647 constet
698 3587 781 3666 quod
804 3587 932 3647 eundem
949 3589 1038 3647 modo
1055 3588 1169 3664 Chami,
1190 3589 1282 3649 modo
1299 3588 1376 3650 Semi

294 3671 443 3749 rogeniem
471 3672 608 3745 affirmet.
651 3673 766 3733 iaciunt
787 3673 958 3733 eorumdem
979 3675 1033 3733 alii
1055 3673 1163 3735 ¹Graeci
1182 3676 1374 3739 mentionem.

270 3690 358 3817 buda
379 3777 472 3836 porro
494 3758 672 3837 aimulacra,
695 3760 816 3839 copiose
836 3757 1025 3838 Epiphanius
1046 3769 1168 3821 tractat.

355 3842 437 3901 xttl.
482 3843 671 3916 Thorosscxx.
693 3847 789 3922 genuit
808 3843 1018 3925 Ancharium]
1040 3867 1056 3905 a
1078 3845 1118 3905 M.
1141 3846 1294 3913 G.,8334.

108 3926 121 3953 ·
135 3927 260 3982 iacobum
359 3926 385 3981 *f
399 3926 525 3987 Variant
544 3929 654 3989 mirum
674 3928 708 3988 in
728 3928 852 3989 modu'm
875 3927 1104 4013 Chronogra'phi
1121 3930 1209 3991 latini
1227 3933 1376 3996 etGraeci

125 3996 303 4072 c²¹t²⁰¹¹¹¹¹nin
324 4010 410 4072 annis
431 4012 469 4072 ab
491 4012 606 4074 Adamo
629 4034 724 4094 usque
744 4014 782 4074 ad
804 4013 1018 4078 Abrahamum.

132 4066 246 4120 ‘'m‘'
359 4098 393 4157 D.
415 4097 593 4180 Hieronymi
611 4101 732 4179 vulgata
752 4120 791 4160 ex
812 4098 949 4162 Hebraeo
966 4102 1375 4182 editioponitannos1948.

272 4181 376 4241 ludaei
397 4192 526 4264 proptor
546 4184 756 4264 complendum
774 4185 944 4247 ¹Jubilasum
968 4189 1231 4268 quadragesimum
1254 4209 1375 4263 nonum,

274 4275 305 4326 et
328 4267 606 4347 quinquagesimum
631 4269 836 4331 inchoandum
862 4284 1020 4352 apponunt
1041 4276 1118 4335 duos
1140 4273 1215 4333 dies.
1259 4277 1295 4335 In
1316 4294 1376 4352 quo

274 4351 376 4410 multis
405 4354 501 4414 modia
527 4355 717 4416 vehementer
746 4356 870 4416 Contine
898 4357 1023 4421 fallitur.
1068 4360 1203 4423 Primum
1231 4360 1257 4419 si
1286 4362 1375 4426 1950.
