3010 4904
343 369 399 436 AD
426 367 673 437 CHRONIGUM
695 364 1038 433 ALEXANDRJNUM.
1162 359 1244 449 567

137 537 221 617 testeis·
236 540 366 616 portastis
385 538 524 600 intonat.
566 536 654 614 Atque
678 533 726 595 tn
747 537 925 612 s'tegestnm.
967 533 1096 595 loannes
1118 549 1241 612 quoque

32 615 35 625 ’
137 618 221 699 apud
242 623 407 685 Cedrenum
429 619 602 702 patriarcha
622 619 848 681 hacanomsntia
869 620 944 696 fuit,
969 628 1007 678 ut
1033 617 1185 679 Cedreuos
1206 616 1241 676 in

25 728 27 759 t
52 742 59 759 υ
137 706 307 788 Theophilo
338 708 498 789 scriptum·
513 707 654 785 reliquit,
683 714 714 766 et
733 706 855 771 Nicetes
883 706 921 766 de
948 703 1123 767 Andronico
1144 704 1241 780 Enga-

138 793 314 872 strimythos
330 793 516 870 consuluit,
551 792 603 871 qui
637 811 675 852 ex
706 791 789 872 pelvi
819 790 1067 853 vaticinabantur.
1112 791 1241 866 Legatur

137 879 257 939 Delrius
283 880 388 959 Magio.
417 879 498 959 liisq.
528 876 579 939 lib.
600 877 633 945 4.
664 896 691 937 e.
712 883 741 944 2.
770 898 800 958 q.
819 882 849 946 6.
876 887 949 943 sect.
972 875 1003 945 4.
1031 885 1062 936 et
1088 876 1242 957 superiore

24 988 26 1023 1
138 963 177 1026 dc
198 964 320 1044 cyatho.
350 1012 353 1017 .
715 978 721 993 '

194 1186 197 1193 .
222 1096 270 1195 lle
296 1135 368 1203 Pico
398 1155 489 1217 porro
514 1146 544 1198 et
569 1135 707 1197 sabuloso
730 1100 849 1213 saecule
876 1132 1106 1212 fabularumque
1128 1129 1294 1210 originem

36 1221 45 1321 γ’
139 1227 170 1280 et
193 1220 322 1283 Deorum
343 1222 429 1284 cultu
450 1242 552 1283 omnes
572 1222 638 1287 fers
658 1220 879 1303 chronographi
901 1229 931 1282 et
949 1217 1125 1301 mythologi

39 1408 53 1461 e·
183 1406 186 1415 ’
224 1392 335 1473 xvtn.
369 1392 494 1460 -Qeanso
519 1393 622 1455 decime
642 1397 727 1473 print
749 1389 1014 1472 mainsendem]
1051 1388 1123 1450 Tria
1153 1387 1245 1459 docet

137 1473 189 1535 hie
210 1475 459 1561 chronographus
481 1484 525 1539 ex'
541 1478 709 1541 Matheseos
738 1476 916 1560 disciplina,
946 1476 1078 1559 primum
1107 1494 1166 1557 qua
1193 1473 1245 1552 nia
1301 1490 1306 1505 ·

138 1559 211 1619 lona
241 1563 356 1625 decima
386 1564 478 1646 primi
506 1566 617 1627 mensis
645 1564 854 1643 investiganda
888 1564 945 1640 sit,
984 1562 1093 1625 deinde
1128 1560 1246 1621 decima

140 1656 264 1722 quarta,
295 1659 449 1730 postremo
470 1651 536 1730 ipsa
558 1651 651 1726 teris,
683 1669 744 1728 qua
765 1650 905 1730 prunum
928 1648 1040 1728 paseha
1062 1645 1247 1708 celebratum

140 1740 194 1792 est.
231 1734 429 1797 Fundamenti
449 1736 518 1796 loco
536 1744 679 1815 tanquam
699 1733 794 1796 fixum
808 1743 839 1794 et
854 1734 1024 1793 consessum
1043 1731 1142 1812 ponit,
1163 1749 1248 1793 mero

139 1816 333 1892 Graecorum,
355 1842 373 1880 s
394 1821 520 1881 conditu
540 1819 647 1883 mundi
668 1839 765 1898 usque
787 1820 827 1880 ad
848 1819 981 1900 primum
997 1816 1110 1899 pascha
1122 1815 1247 1877 fluxisse

38 1906 41 1915 ’
139 1922 236 1963 annos
251 1909 344 1973 8888
364 1906 444 1966 hanc
465 1924 613 1966 annornm
633 1904 780 1985 epocham
800 1904 911 1966 dividit
930 1925 987 1985 per
1008 1901 1247 1964 enneadecaete-

31 2044 33 2053 ,
138 1986 254 2066 ridem‚
277 1990 341 2051 siva
360 1991 558 2051 novendecim
581 2010 726 2053 annorum
751 1989 993 2062 conversionem,
1018 2010 1107 2069 quam
1134 1986 1248 2048 alumni
1323 2034 1328 2045 .

35 2084 37 2093 ’
139 2072 417 2143 Mathematicorum
453 2077 573 2156 cyclum
609 2077 698 2137 lunae
726 2076 1029 2138 novemdccennalem
1060 2081 1247 2155 nuncupant,

22 2180 24 2187 ⁴
141 2158 226 2237 quod
246 2172 318 2241 pest
339 2161 539 2239 novendecim
560 2184 656 2222 annos
676 2161 716 2222 sd
737 2163 870 2244 primum
888 2161 1024 2237 redeant,
1044 2160 1125 2221 sicut
1145 2159 1177 2218 in
1189 2179 1248 2239 pe-

138 2245 228 2305 riodo
256 2246 330 2306 solia
359 2256 428 2328 post
455 2253 507 2317 28.
536 2258 566 2307 ct
591 2248 768 2309 indictionis
790 2248 954 2330 epinemesi
973 2256 1044 2329 post
1067 2247 1117 2313 15.
1158 2245 1249 2317 lubet

139 2350 234 2412 porro
269 2331 475 2393 novemdecim
505 2333 577 2393 duci
604 2334 636 2393 in
666 2337 737 2401 200.
771 2333 855 2415 quod
877 2334 910 2393 in
935 2332 1036 2396 tribus
1063 2331 1195 2393 millibus
1218 2339 1249 2391 et

19 2424 33 2502 ,J
140 2417 319 2496 octingentis
335 2419 593 2490 enneadecaeteris
608 2418 769 2481 exhauriet
789 2419 979 2483 millesimum
1000 2427 1032 2479 et
1053 2417 1248 2478 centesimum

139 2515 299 2564 nnmerum
323 2502 466 2584 epochae.
498 2505 713 2586 relinquuntur
733 2510 784 2573 38.
806 2505 940 2586 Triginta
963 2516 1033 2567 octo
1055 2524 1117 2564 non
1139 2501 1249 2564 dividit

140 2607 198 2668 per
228 2588 372 2668 dyadem,
401 2590 453 2650 sed
478 2591 653 2670 monadem,
684 2600 719 2651 ut
739 2600 913 2653 remaneant
940 2596 989 2659 19.
1017 2588 1131 2670 alioqui
1164 2597 1248 2649 totus

140 2691 284 2734 numerus
305 2679 356 2743 88
378 2675 607 2756 exhauriretur,
638 2688 668 2739 et
685 2696 753 2738 cum
775 2678 829 2740 ille
850 2678 940 2739 simul
963 2697 1072 2739 aureus
1094 2694 1246 2749 numerus,

141 2757 195 2836 qui
215 2778 370 2840 nunqnam
391 2764 544 2824 tollendus
565 2772 620 2824 est.
640 2810 643 2815 >
664 2765 696 2824 Si
724 2784 795 2842 ergo
826 2769 876 2830 19.
903 2764 1065 2824 ducantur.
1080 2761 1112 2823 in
1142 2781 1250 2821 mona-

141 2843 227 2914 d⁰¹¹¹2
258 2847 390 2907 existunt
412 2853 463 2915 19.
483 2849 670 2930 totidemque
690 2850 914 2931 relinquuntur.
957 2851 1077 2912 Aureus
1097 2867 1168 2927 erge
1189 2865 1251 2906 nu·

19 2960 27 2993 t
143 2948 243 2989 merus
266 2931 349 2991 illies
371 2935 440 2992 anni
462 2940 560 3003 8838.
582 2945 629 2997 cst
651 2941 701 3005 19.
744 2936 826 2998 Huic
853 2956 945 2999 aureo
975 2955 1102 2998 numere
1126 2939 1176 3000 19.
1197 2953 1252 2993 ra·

142 3015 287 3094 spondet,
318 3017 562 3097 esc-chronologi
589 3020 779 3099 definitione,
815 3033 922 3106 epacta
943 3018 979 3100 ¹⁸¹,
1018 3041 1073 3083 seu
1099 3019 1251 3099 trigesima

142 3098 197 3178 (in
223 3101 358 3161 Romano
384 3112 486 3164 tamen
513 3105 656 3184 antique,
686 3109 812 3187 ponitur
838 3121 945 3191 epacta
970 3109 1041 3190 29.)
1070 3106 1119 3167 cui
1141 3106 1167 3166 si
1188 3105 1252 3164 ad-

19 3226 20 3233 .
142 3185 197 3246 das
220 3189 271 3253 81.
292 3187 357 3248 dies
380 3187 498 3266 Martii,
521 3191 701 3269 colligentur
723 3196 787 3254 dies
809 3198 860 3263 61.
882 3193 977 3253 abiice
997 3215 1037 3254 ex
1058 3197 1109 3256 61.
1131 3189 1252 3271 quotics

85 3345 87 3351 .
142 3271 313 3349 continetur
334 3273 473 3352 triginta,
500 3275 669 3336 remanebit
692 3283 719 3344 1.
740 3298 811 3358 ergo
832 3278 858 3339 is
880 3287 924 3339 est
950 3283 1000 3344 81.
1031 3276 1142 3339 Martii.
1171 3273 1203 3335 h.
1225 3293 1250 3333 e.

140 3358 266 3419 ultimus
287 3359 397 3437 Martii,
420 3361 472 3440 qui
493 3360 567 3421 mihi
589 3361 725 3441 designat
746 3364 931 3427 neomeniam
951 3371 1023 3444 post
1043 3363 1178 3424 Vernum
1200 3380 1252 3419 ae·

142 3442 342 3523 quinoctium.
385 3447 507 3508 Crescat
525 3446 587 3529 jam
609 3448 681 3507 luus
708 3471 764 3531 per
784 3450 900 3531 primos
921 3469 1030 3510 novem
1052 3447 1117 3509 dies
1138 3445 1252 3528 Aprilis

142 3549 213 3589 cum
234 3529 341 3592 ultimo
363 3531 472 3604 Martii,
495 3532 619 3595 habebis
640 3554 722 3595 nono
744 3535 857 3615 Aprilis
879 3535 1024 3596 decimam
1043 3534 1146 3594 lunam
1161 3531 1252 3614 primi

141 3614 265 3692 mensis,
292 3625 322 3677 et
343 3618 426 3697 quod
447 3619 519 3680 inde
540 3621 686 3701 sequitur.
731 3626 782 3686 13.
803 3621 917 3703 Aprilis
939 3618 987 3688 1¹1.
1007 3621 1110 3680 lunam
1132 3620 1251 3697 mensis,
1268 3630 1305 3686 85

143 3722 203 3781 qua
233 3702 364 3782 primum
392 3705 504 3785 pascha
532 3705 591 3766 fuit
618 3707 809 3767 celebratum.
852 3707 958 3767 eodem
983 3706 1062 3767 enim
1084 3706 1175 3766 mode
1199 3702 1251 3770 14.

140 3788 214 3848 luna
238 3788 316 3849 sicut
339 3794 388 3857 10.
408 3791 564 3871 quaeritur
571 3836 581 3869 ,
609 3791 669 3852 nisi
697 3792 780 3873 quod
800 3813 857 3873 pro
878 3797 909 3861 9.
930 3791 1044 3872 Aprilis
1065 3813 1176 3873 ponam
1199 3794 1251 3856 18.

114 3872 292 3935 'Maximus
319 3875 486 3937 monachus
515 3876 691 3939 brevissime
719 3899 784 3939 rem
815 3878 915 3940 docet.
957 3886 991 3938 ut
1017 3898 1128 3938 novam
1148 3878 1252 3938 lunam

141 3958 194 4019 vel
214 3959 279 4040 ejus
302 3968 428 4021 aetatem
449 3983 622 4043 pernoscas,
644 3963 722 4025 adds
744 3973 870 4044 epactae
891 3963 955 4024 dies
978 3967 1026 4030 11.
1048 3985 1066 4024 a
1085 3964 1149 4026 cat.
1167 3963 1252 4024 Mar-

19 4088 20 4093 1
142 4042 187 4103 tii.
217 4064 361 4106 summam
384 4047 487 4109 divide
505 4070 560 4130 per
580 4052 631 4114 29.
653 4060 683 4110 et
702 4050 733 4133 8
755 4051 880 4131 (noster
900 4048 1104 4129 chronologus
1125 4069 1182 4132 per
1198 4053 1251 4114 80.

142 4126 295 4215 partitur)
326 4132 483 4213 Annorum
512 4155 583 4214 argo
614 4137 708 4201 8888.
737 4145 842 4214 epacta
869 4144 916 4196 est
936 4134 954 4170 *
977 4136 1041 4196 aive
1062 4140 1113 4201 80.
1137 4134 1206 4194 Dies
1234 4156 1251 4194 a

143 4214 283 4275 Calendis
302 4218 416 4278 Martiis
436 4239 532 4300 usqua
554 4219 593 4280 ad
614 4225 644 4286 9.
667 4221 779 4302 Aprilis
801 4220 852 4288 40.
874 4241 991 4282 summa
1012 4225 1063 4287 70.
1086 4221 1111 4279 si
1132 4226 1184 4286 70.
1205 4220 1252 4279 di·

142 4300 230 4360 vidas
251 4323 306 4381 per
328 4305 408 4386 998,
435 4305 650 4387 relinquuntur
674 4313 723 4373 11.
767 4306 860 4370 Cedet
882 4329 953 4386 ergo
975 4328 1013 4368 ex
1036 4305 1159 4365 Maximi
1177 4325 1258 4369 sen-¹

87 4456 92 4465 ⁴
142 4385 236 4447 tentia
258 4388 289 4449 in
312 4393 342 4456 9.
366 4391 478 4471 Aprilis
501 4393 576 4454 luna
600 4396 648 4460 11.
670 4393 725 4454 ssd
747 4395 772 4454 si
794 4391 965 4456 dividamus
983 4398 1034 4461 70.
1055 4412 1112 4476 per
1132 4396 1184 4462 50.
1204 4392 1253 4454 uti
