3028 4898
488 286 947 369 murmuramus.
1021 322 1026 333 ·
1090 282 1093 291 “

165 474 237 544 447.
259 470 359 552 Appio
382 470 483 530 Gaeco
504 475 535 529 et
548 466 695 526 Violenta.

163 562 239 627 448.
261 557 390 617 Remulo
411 564 441 616 et
463 552 581 613 Albino.

163 642 240 714 449.
261 641 383 703 Metello
404 649 435 702 et
454 638 593 699 Minatio.
716 626 719 631 ⁴

163 729 241 798 450.
262 726 431 788 Sarnl'ronio
454 733 484 784 ct
506 721 639 783 Faberio.

162 813 240 884 451.
262 811 389 873 Lentulo
412 819 442 871 et
463 807 616 869 abentesi.

162 894 589 970 4521Jent0neetumnio.
703 882 708 891 ’
1328 936 1330 941 4

164 985 241 1057 453.
262 978 446 1053 linconen.
480 983 546 1040 atem
565 978 697 1039 coram
716 970 861 1046 Moror,
882 966 909 1028 el
928 963 1052 1029 Balbos
1070 954 1211 1038 tangue

260 1068 394 1153 Encelaun
405 1067 536 1127 nemun
551 1084 594 1125 va.
607 1061 703 1123 duodo
718 1058 843 1140 fueruat.

163 1156 238 1225 454.
261 1152 396 1214 Corvino
413 1160 444 1212 et
465 1152 571 1210 Panna.

164 1243 240 1310 455.
261 1237 383 1300 Poetico
405 1245 435 1297 ct
457 1234 620 1315 Torquato.

164 1327 239 1393 456.
263 1325 311 1385 Sci
335 1323 404 1382 ione
424 1329 454 1381 cl
475 1319 618 1386 Maximo.

165 1413 242 1481 457.
263 1345 354 1469 Rufio
375 1406 429 1468 111.
449 1416 480 1467 et
499 1406 624 1465 Muaona
645 1396 697 1465 Ill.
762 1394 768 1398 ’

166 1499 241 1563 458.
265 1493 391 1554 Claudio
405 1493 442 1553 IL
464 1500 495 1553 at
517 1490 654 1553 Violante
669 1485 712 1549 11.

165 1581 243 1649 459.
263 1578 355 1639 Rullo
376 1577 412 1641 V.
436 1586 466 1639 at
484 1575 610 1636 Masona
633 1573 668 1636 V.

166 1668 242 1734 460.
261 1663 382 1726 Metello
407 1672 438 1724 at
455 1661 581 1740 Regulo.
773 1676 776 1685 ¹

167 1754 243 1820 461.
264 1750 394 1811 Curaore
415 1755 444 1808 et
467 1746 608 1807 Maximo.
637 1799 641 1807 ,

167 1838 243 1905 462.
265 1834 398 1896 Maximo
420 1832 545 1911 Gurgite
566 1840 598 1892 et
618 1826 761 1890 Broccho.

167 1925 243 1988 463.
268 1919 390 2001 Metello
405 1917 450 2003 ll.
473 1926 504 1978 et
524 1917 642 1978 Vulbo..

168 2005 242 2074 464.
265 2011 380 2071 annno,
393 2016 420 2063 et
438 2010 567 2067 Dentato.

168 2093 244 2160 465.
267 2088 400 2152 Maximo
420 2097 450 2148 et
470 2088 598 2148 Nocluo.
621 2154 625 2159 ,

170 2179 243 2245 466.
267 2175 408 2238 Cremulo
427 2183 458 2234 et
478 2171 598 2235 Albino.

169 2264 243 2330 467.
268 2261 411 2323 Marcello
433 2266 464 2320 et
485 2257 610 2318 Rutilio.

171 2348 245 2414 468.
267 2349 368 2407 Potito
392 2353 422 2406 et
442 2341 548 2404 Petito.

171 2427 254 2499 469!
267 2431 382 2513 Lepido
404 2438 434 2491 et
458 2427 593 2488 Caecina.

172 2517 247 2583 470.
266 2519 357 2579 Tacio
378 2525 409 2577 et
430 2514 575 2574 Dantono.

172 2605 247 2670 471.
270 2601 424 2663 Dolabella
445 2608 476 2661 et
496 2596 638 2658 Maximo.

173 2699 247 2765 472.
270 2687 366 2748 Lucio
387 2695 418 2746 et
437 2686 528 2762 Papo.

174 2783 248 2848 473.
268 2772 399 2834 Barbula
421 2780 453 2831 at
473 2765 625 2847 Philippo.

175 2868 247 2935 474.
270 2858 442 2939 Laebymno
464 2863 494 2915 et
517 2852 712 2912 Caeruntano.

175 2953 250 3020 475.
273 2943 436 3009 Cererione
457 2949 489 3000 et
508 2938 644 3000 Muaone.

176 3039 250 3105 476.
274 3027 400 3089 Lacinio
423 3035 452 3088 ct
474 3025 568 3104 Papo.

147 3152 149 3159 ·
177 3125 249 3193 477.
271 3115 382 3176 Rufino
406 3120 436 3173 et
456 3109 603 3170 bubulco.

176 3198 249 3276 478.
272 3200 398 3280 Gurgito
420 3205 452 3260 et
472 3193 617 3276 clepyno.

177 3295 249 3362 479.
271 3285 390 3364 Banago
401 3286 443 3344 *et
457 3277 594 3341 Lentulo.

178 3381 251 3446 480.
272 3374 392 3448 Ranago
412 3367 448 3433 IL
470 3376 501 3427 at
520 3356 664 3424 Merinda.

180 3465 252 3530 481.
274 3456 388 3518 Licinio
411 3462 441 3514 et
462 3446 593 3511 Cambia.

180 3548 253 3616 482.
275 3544 404 3609 Cursore
426 3546 457 3599 et
475 3533 617 3597 Maximo.
780 3602 784 3610 .
827 3550 832 3579 l

180 3631 255 3703 488.
277 3624 403 3688 Claudio
425 3632 454 3684 al
477 3618 653 3702 Clepianata.
886 3648 890 3655 -

182 3717 255 3787 484.
276 3720 399 3788 clepsina
413 3721 441 3768 at
454 3712 552 3767 Blaalo.

182 3804 255 3872 485.
275 3798 363 3860 Gallo
379 3786 495 3855 'Sabino
517 3799 548 3851 et
569 3780 684 3848 Pisone.

183 3889 258 3956 486.
280 3879 443 3945 Simfronio
464 3874 605 3957 Sopianta
631 3879 662 3931 et
682 3866 774 3927 Raso.

183 3975 256 4042 487.
277 3968 392 4047 Regulo
414 3975 447 4028 et
466 3960 589 4022 Libone.

183 4063 257 4127 488.
271 4054 373 4140 Ι110510
391 4061 421 4113 et
441 4049 560 4112 Pictore
581 4052 611 4104 et
634 4041 733 4100 Poeta.

183 4148 257 4213 489.
277 4139 410 4203 Maximo
431 4147 461 4197 et
480 4132 593 4195 vitulo.
817 4142 822 4155 ’

185 4229 259 4302 490.
278 4223 442 4289 Theudace
462 4229 493 4280 ct
512 4216 634 4277 Flacco.

188 4316 260 4384 491⁶
280 4304 632 4377 blussbnw'ifflrmc
673 4332 685 4349 ι.
705 4296 710 4351 ἱ
