<?xml version="1.0" encoding="UTF-8"?>
<!DOCTYPE html PUBLIC "-//W3C//DTD XHTML 1.0 Transitional//EN"
    "http://www.w3.org/TR/xhtml1/DTD/xhtml1-transitional.dtd">
<html xmlns="http://www.w3.org/1999/xhtml" xml:lang="en" lang="en">
 <head>
  <title>
</title>
<meta http-equiv="Content-Type" content="text/html;charset=utf-8" />
  <meta name='ocr-system' content='tesseract 3.04.00' />
  <meta name='ocr-capabilities' content='ocr_page ocr_carea ocr_par ocr_line ocrx_word'/>
</head>
<body>
  <div class='ocr_page' id='page_1' title='image "./chroniconpascha00unkngoog_0275.png"; bbox 0 0 3028 4898; ppageno 0'>
   <div class='ocr_carea' id='block_1_1' title="bbox 432 380 1210 463">
    <p class='ocr_par' dir='ltr' id='par_1_1' title="bbox 432 380 1210 463">
     <span class='ocr_line' id='line_1_1' title="bbox 432 380 1210 463; baseline 0.008 -13"><span class='ocrx_word' id='word_1_1' title='bbox 432 380 886 453; x_wconf 79' lang='lat' dir='ltr'>ennomursscnaus.</span> <span class='ocrx_word' id='word_1_2' title='bbox 1136 386 1210 463; x_wconf 80' lang='lat' dir='ltr'>au</span> 
     </span>
    </p>
   </div>
   <div class='ocr_carea' id='block_1_2' title="bbox 426 778 939 1048">
    <p class='ocr_par' dir='ltr' id='par_1_2' title="bbox 426 778 939 1048">
     <span class='ocr_line' id='line_1_2' title="bbox 596 778 939 911; baseline -0.017 6"><span class='ocrx_word' id='word_1_3' title='bbox 596 778 728 868; x_wconf 58' lang='lat' dir='ltr'><strong>XXI·</strong></span> <span class='ocrx_word' id='word_1_4' title='bbox 934 902 939 911; x_wconf 79' lang='lat'><strong>.</strong></span> 
     </span>
     <span class='ocr_line' id='line_1_3' title="bbox 426 969 892 1048; baseline -0.004 -1"><span class='ocrx_word' id='word_1_5' title='bbox 426 969 892 1048; x_wconf 82' lang='lat' dir='ltr'><strong>METHODUS</strong></span> 
     </span>
    </p>
   </div>
   <div class='ocr_carea' id='block_1_3' title="bbox 35 1106 1213 1304">
    <p class='ocr_par' dir='ltr' id='par_1_3' title="bbox 35 1106 1213 1304">
     <span class='ocr_line' id='line_1_4' title="bbox 35 1106 1213 1203; baseline -0.004 -22"><span class='ocrx_word' id='word_1_6' title='bbox 35 1112 40 1115; x_wconf 68' lang='grc'><strong>“</strong></span> <span class='ocrx_word' id='word_1_7' title='bbox 108 1108 201 1194; x_wconf 79' lang='lat' dir='ltr'>Qus</span> <span class='ocrx_word' id='word_1_8' title='bbox 247 1121 514 1185; x_wconf 80' lang='lat' dir='ltr'>tuvsurrus</span> <span class='ocrx_word' id='word_1_9' title='bbox 559 1106 809 1201; x_wconf 78' lang='lat' dir='ltr'>oosusoua&#39;</span> <span class='ocrx_word' id='word_1_10' title='bbox 844 1124 1021 1189; x_wconf 75' lang='lat' dir='ltr'>nausis</span> <span class='ocrx_word' id='word_1_11' title='bbox 1065 1128 1213 1203; x_wconf 78' lang='lat' dir='ltr'>Quae.</span> 
     </span>
     <span class='ocr_line' id='line_1_5' title="bbox 488 1220 1050 1304; baseline -0.012 -15"><span class='ocrx_word' id='word_1_12' title='bbox 488 1228 688 1303; x_wconf 79' lang='lat' dir='ltr'>cuuoou</span> <span class='ocrx_word' id='word_1_13' title='bbox 721 1228 844 1304; x_wconf 81' lang='lat' dir='ltr'>orus,</span> <span class='ocrx_word' id='word_1_14' title='bbox 1038 1220 1050 1231; x_wconf 76' lang='lat'><em>“</em></span> 
     </span>
    </p>
   </div>
   <div class='ocr_carea' id='block_1_4' title="bbox 161 1320 1162 1493">
    <p class='ocr_par' dir='ltr' id='par_1_4' title="bbox 161 1320 1162 1493">
     <span class='ocr_line' id='line_1_6' title="bbox 161 1320 1162 1412; baseline 0.007 -18"><span class='ocrx_word' id='word_1_15' title='bbox 161 1339 216 1395; x_wconf 82' lang='lat' dir='ltr'>ur</span> <span class='ocrx_word' id='word_1_16' title='bbox 233 1340 280 1395; x_wconf 81' lang='lat' dir='ltr'>ru</span> <span class='ocrx_word' id='word_1_17' title='bbox 296 1340 404 1406; x_wconf 71' lang='lat' dir='ltr'>ouen</span> <span class='ocrx_word' id='word_1_18' title='bbox 420 1342 655 1398; x_wconf 73' lang='lat' dir='ltr'>saramania</span> <span class='ocrx_word' id='word_1_19' title='bbox 672 1345 813 1399; x_wconf 71' lang='lat' dir='ltr'>rumen</span> <span class='ocrx_word' id='word_1_20' title='bbox 829 1320 1027 1412; x_wconf 68' lang='lat' dir='ltr'>recusum,</span> <span class='ocrx_word' id='word_1_21' title='bbox 1051 1346 1105 1400; x_wconf 83' lang='lat' dir='ltr'>nr</span> <span class='ocrx_word' id='word_1_22' title='bbox 1121 1346 1162 1401; x_wconf 73' lang='lat' dir='ltr'>ua</span> 
     </span>
     <span class='ocr_line' id='line_1_7' title="bbox 340 1429 988 1493; baseline -0.019 1"><span class='ocrx_word' id='word_1_23' title='bbox 340 1429 447 1493; x_wconf 75' lang='lat' dir='ltr'>Quen</span> <span class='ocrx_word' id='word_1_24' title='bbox 465 1431 600 1487; x_wconf 76' lang='lat' dir='ltr'>sanun</span> <span class='ocrx_word' id='word_1_25' title='bbox 617 1430 759 1487; x_wconf 80' lang='lat' dir='ltr'>moron</span> <span class='ocrx_word' id='word_1_26' title='bbox 777 1429 988 1485; x_wconf 80' lang='lat' dir='ltr'>elssuxrus.</span> 
     </span>
    </p>
   </div>
   <div class='ocr_carea' id='block_1_5' title="bbox 85 1601 1235 3738">
    <p class='ocr_par' dir='ltr' id='par_1_5' title="bbox 85 1601 1235 3738">
     <span class='ocr_line' id='line_1_8' title="bbox 85 1601 1213 1687; baseline 0.005 -27"><span class='ocrx_word' id='word_1_27' title='bbox 85 1622 89 1633; x_wconf 66' lang='lat'><strong><em>¹</em></strong></span> <span class='ocrx_word' id='word_1_28' title='bbox 187 1601 394 1684; x_wconf 79' lang='lat' dir='ltr'>inexpedita</span> <span class='ocrx_word' id='word_1_29' title='bbox 420 1603 582 1669; x_wconf 78' lang='lat' dir='ltr'><strong>Ptolemaei</strong></span> <span class='ocrx_word' id='word_1_30' title='bbox 606 1606 726 1671; x_wconf 75' lang='lat' dir='ltr'>Conone</span> <span class='ocrx_word' id='word_1_31' title='bbox 753 1615 825 1687; x_wconf 85' lang='lat' dir='ltr'>post</span> <span class='ocrx_word' id='word_1_32' title='bbox 850 1607 987 1666; x_wconf 81' lang='lat' dir='ltr'>(lenones</span> <span class='ocrx_word' id='word_1_33' title='bbox 1015 1605 1213 1670; x_wconf 84' lang='lat' dir='ltr'>inerrantium</span> 
     </span>
     <span class='ocr_line' id='line_1_9' title="bbox 108 1686 1214 1772; baseline 0.005 -27"><span class='ocrx_word' id='word_1_34' title='bbox 108 1686 283 1762; x_wconf 84' lang='lat' dir='ltr'>stellarum,</span> <span class='ocrx_word' id='word_1_35' title='bbox 318 1687 467 1753; x_wconf 87' lang='lat' dir='ltr'>habentur</span> <span class='ocrx_word' id='word_1_36' title='bbox 488 1691 578 1751; x_wconf 87' lang='lat' dir='ltr'>etiam</span> <span class='ocrx_word' id='word_1_37' title='bbox 599 1702 756 1772; x_wconf 87' lang='lat' dir='ltr'>praeterea</span> <span class='ocrx_word' id='word_1_38' title='bbox 775 1700 805 1750; x_wconf 91' lang='lat' dir='ltr'>et</span> <span class='ocrx_word' id='word_1_39' title='bbox 825 1691 875 1750; x_wconf 90' lang='lat' dir='ltr'>alii</span> <span class='ocrx_word' id='word_1_40' title='bbox 899 1692 1051 1766; x_wconf 77' lang='lat' dir='ltr'>(lenones,</span> <span class='ocrx_word' id='word_1_41' title='bbox 1082 1708 1214 1770; x_wconf 84' lang='lat' dir='ltr'>quorum</span> 
     </span>
     <span class='ocr_line' id='line_1_10' title="bbox 108 1773 1213 1856; baseline 0 -21"><span class='ocrx_word' id='word_1_42' title='bbox 108 1792 162 1850; x_wconf 83' lang='lat' dir='ltr'>ope</span> <span class='ocrx_word' id='word_1_43' title='bbox 183 1773 316 1852; x_wconf 80' lang='lat' dir='ltr'>intelligi</span> <span class='ocrx_word' id='word_1_44' title='bbox 337 1776 432 1854; x_wconf 89' lang='lat' dir='ltr'>possit</span> <span class='ocrx_word' id='word_1_45' title='bbox 461 1776 594 1854; x_wconf 82' lang='lat' dir='ltr'>cujusvis</span> <span class='ocrx_word' id='word_1_46' title='bbox 621 1777 730 1837; x_wconf 87' lang='lat' dir='ltr'>mensis</span> <span class='ocrx_word' id='word_1_47' title='bbox 758 1775 822 1836; x_wconf 89' lang='lat' dir='ltr'>dies</span> <span class='ocrx_word' id='word_1_48' title='bbox 849 1777 881 1835; x_wconf 87' lang='lat' dir='ltr'>in</span> <span class='ocrx_word' id='word_1_49' title='bbox 910 1796 999 1855; x_wconf 87' lang='lat' dir='ltr'>quem</span> <span class='ocrx_word' id='word_1_50' title='bbox 1028 1778 1213 1856; x_wconf 82' lang='lat' dir='ltr'>septimanae</span> 
     </span>
     <span class='ocr_line' id='line_1_11' title="bbox 108 1854 1214 1942; baseline 0.005 -27"><span class='ocrx_word' id='word_1_51' title='bbox 108 1854 185 1918; x_wconf 87' lang='lat' dir='ltr'>diem</span> <span class='ocrx_word' id='word_1_52' title='bbox 211 1859 353 1920; x_wconf 82' lang='lat' dir='ltr'>incurrit.</span> <span class='ocrx_word' id='word_1_53' title='bbox 408 1856 568 1935; x_wconf 85' lang='lat' dir='ltr'>Quoniam</span> <span class='ocrx_word' id='word_1_54' title='bbox 585 1883 658 1922; x_wconf 86' lang='lat' dir='ltr'>vero</span> <span class='ocrx_word' id='word_1_55' title='bbox 688 1859 751 1929; x_wconf 86' lang='lat' dir='ltr'>sine</span> <span class='ocrx_word' id='word_1_56' title='bbox 782 1862 844 1920; x_wconf 88' lang='lat' dir='ltr'>illis</span> <span class='ocrx_word' id='word_1_57' title='bbox 871 1861 981 1920; x_wconf 87' lang='lat' dir='ltr'>tabulis</span> <span class='ocrx_word' id='word_1_58' title='bbox 1009 1881 1071 1920; x_wconf 86' lang='lat' dir='ltr'>non</span> <span class='ocrx_word' id='word_1_59' title='bbox 1099 1862 1214 1942; x_wconf 84' lang='lat' dir='ltr'>poterit</span> 
     </span>
     <span class='ocr_line' id='line_1_12' title="bbox 108 1940 1214 2027; baseline 0.003 -26"><span class='ocrx_word' id='word_1_60' title='bbox 108 1940 169 2002; x_wconf 82' lang='lat' dir='ltr'>dies</span> <span class='ocrx_word' id='word_1_61' title='bbox 198 1946 335 2025; x_wconf 85' lang='lat' dir='ltr'>expetita</span> <span class='ocrx_word' id='word_1_62' title='bbox 363 1948 514 2026; x_wconf 86' lang='lat' dir='ltr'>reperiri,</span> <span class='ocrx_word' id='word_1_63' title='bbox 552 1947 680 2027; x_wconf 81' lang='lat' dir='ltr'>proinde</span> <span class='ocrx_word' id='word_1_64' title='bbox 706 1945 882 2007; x_wconf 86' lang='lat' dir='ltr'><strong>methodum</strong></span> <span class='ocrx_word' id='word_1_65' title='bbox 910 1945 1129 2027; x_wconf 84' lang='lat' dir='ltr'>expeditiorem</span> <span class='ocrx_word' id='word_1_66' title='bbox 1158 1964 1214 2004; x_wconf 86' lang='lat' dir='ltr'>noe</span> 
     </span>
     <span class='ocr_line' id='line_1_13' title="bbox 107 2026 1214 2113; baseline 0.004 -27"><span class='ocrx_word' id='word_1_67' title='bbox 107 2026 360 2108; x_wconf 79' lang='lat' dir='ltr'>excogitavimus,</span> <span class='ocrx_word' id='word_1_68' title='bbox 388 2053 449 2111; x_wconf 84' lang='lat' dir='ltr'>qua</span> <span class='ocrx_word' id='word_1_69' title='bbox 469 2034 599 2093; x_wconf 80' lang='lat' dir='ltr'>inveniri</span> <span class='ocrx_word' id='word_1_70' title='bbox 621 2035 708 2101; x_wconf 82' lang='lat' dir='ltr'>facile</span> <span class='ocrx_word' id='word_1_71' title='bbox 730 2033 842 2113; x_wconf 87' lang='lat' dir='ltr'>possit,</span> <span class='ocrx_word' id='word_1_72' title='bbox 868 2032 902 2090; x_wconf 88' lang='lat' dir='ltr'>in</span> <span class='ocrx_word' id='word_1_73' title='bbox 925 2051 1106 2111; x_wconf 86' lang='lat' dir='ltr'>quacunque</span> <span class='ocrx_word' id='word_1_74' title='bbox 1126 2031 1214 2090; x_wconf 88' lang='lat' dir='ltr'>indi-</span> 
     </span>
     <span class='ocr_line' id='line_1_14' title="bbox 109 2114 1213 2199; baseline 0.005 -28"><span class='ocrx_word' id='word_1_75' title='bbox 109 2114 222 2192; x_wconf 84' lang='lat' dir='ltr'>ctione,</span> <span class='ocrx_word' id='word_1_76' title='bbox 258 2117 478 2197; x_wconf 87' lang='lat' dir='ltr'>cujuscumque</span> <span class='ocrx_word' id='word_1_77' title='bbox 500 2120 610 2181; x_wconf 87' lang='lat' dir='ltr'>mensis</span> <span class='ocrx_word' id='word_1_78' title='bbox 640 2120 718 2179; x_wconf 92' lang='lat' dir='ltr'>diem</span> <span class='ocrx_word' id='word_1_79' title='bbox 739 2119 772 2177; x_wconf 90' lang='lat' dir='ltr'>in</span> <span class='ocrx_word' id='word_1_80' title='bbox 795 2137 885 2198; x_wconf 88' lang='lat' dir='ltr'>quam</span> <span class='ocrx_word' id='word_1_81' title='bbox 907 2118 1086 2199; x_wconf 72' lang='lat' dir='ltr'>septimanae</span> <span class='ocrx_word' id='word_1_82' title='bbox 1108 2117 1213 2177; x_wconf 82' lang='lat' dir='ltr'>feriam</span> 
     </span>
     <span class='ocr_line' id='line_1_15' title="bbox 108 2201 1213 2286; baseline 0.006 -30"><span class='ocrx_word' id='word_1_83' title='bbox 108 2201 284 2276; x_wconf 58' lang='lat' dir='ltr'>conveniam</span> <span class='ocrx_word' id='word_1_84' title='bbox 321 2205 394 2281; x_wconf 83' lang='lat' dir='ltr'>quin</span> <span class='ocrx_word' id='word_1_85' title='bbox 417 2213 447 2263; x_wconf 90' lang='lat' dir='ltr'>et</span> <span class='ocrx_word' id='word_1_86' title='bbox 467 2204 546 2267; x_wconf 88' lang='lat' dir='ltr'>iilud</span> <span class='ocrx_word' id='word_1_87' title='bbox 568 2224 714 2286; x_wconf 89' lang='lat' dir='ltr'>quoque,</span> <span class='ocrx_word' id='word_1_88' title='bbox 742 2205 775 2263; x_wconf 92' lang='lat' dir='ltr'>in</span> <span class='ocrx_word' id='word_1_89' title='bbox 798 2222 860 2282; x_wconf 87' lang='lat' dir='ltr'>quo</span> <span class='ocrx_word' id='word_1_90' title='bbox 882 2222 960 2262; x_wconf 83' lang='lat' dir='ltr'>anno</span> <span class='ocrx_word' id='word_1_91' title='bbox 989 2204 1030 2262; x_wconf 89' lang='lat' dir='ltr'>sit</span> <span class='ocrx_word' id='word_1_92' title='bbox 1057 2203 1213 2263; x_wconf 77' lang='lat' dir='ltr'>Biesextus</span> 
     </span>
     <span class='ocr_line' id='line_1_16' title="bbox 107 2280 1212 2368; baseline 0.003 -25"><span class='ocrx_word' id='word_1_93' title='bbox 107 2280 346 2367; x_wconf 67' lang='lat' dir='ltr'>interpolantur.</span> <span class='ocrx_word' id='word_1_94' title='bbox 375 2288 476 2368; x_wconf 44' lang='lat' dir='ltr'>,Ergo</span> <span class='ocrx_word' id='word_1_95' title='bbox 508 2291 543 2349; x_wconf 88' lang='lat' dir='ltr'>ab</span> <span class='ocrx_word' id='word_1_96' title='bbox 570 2290 657 2350; x_wconf 87' lang='lat' dir='ltr'>initio</span> <span class='ocrx_word' id='word_1_97' title='bbox 689 2290 770 2353; x_wconf 88' lang='lat' dir='ltr'>tertii</span> <span class='ocrx_word' id='word_1_98' title='bbox 798 2289 869 2347; x_wconf 84' lang='lat' dir='ltr'>enni</span> <span class='ocrx_word' id='word_1_99' title='bbox 898 2289 1011 2362; x_wconf 84' lang='lat' dir='ltr'>nostri,</span> <span class='ocrx_word' id='word_1_100' title='bbox 1045 2288 1128 2367; x_wconf 90' lang='lat' dir='ltr'>quod</span> <span class='ocrx_word' id='word_1_101' title='bbox 1159 2286 1212 2347; x_wconf 80' lang='lat' dir='ltr'>Dei</span> 
     </span>
     <span class='ocr_line' id='line_1_17' title="bbox 106 2372 1212 2456; baseline 0 -27"><span class='ocrx_word' id='word_1_102' title='bbox 106 2372 196 2444; x_wconf 79' lang='lat' dir='ltr'>gratia</span> <span class='ocrx_word' id='word_1_103' title='bbox 223 2373 489 2451; x_wconf 69' lang='lat' dir='ltr'>administramus,</span> <span class='ocrx_word' id='word_1_104' title='bbox 526 2375 669 2455; x_wconf 83' lang='lat' dir='ltr'>imperii,</span> <span class='ocrx_word' id='word_1_105' title='bbox 699 2374 856 2456; x_wconf 85' lang='lat' dir='ltr'>repetendi</span> <span class='ocrx_word' id='word_1_106' title='bbox 890 2382 962 2432; x_wconf 88' lang='lat' dir='ltr'>sunt</span> <span class='ocrx_word' id='word_1_107' title='bbox 991 2374 1083 2448; x_wconf 87' lang='lat' dir='ltr'>anni,</span> <span class='ocrx_word' id='word_1_108' title='bbox 1118 2372 1212 2450; x_wconf 83' lang='lat' dir='ltr'>inque</span> 
     </span>
     <span class='ocr_line' id='line_1_18' title="bbox 107 2459 1211 2543; baseline 0.001 -29"><span class='ocrx_word' id='word_1_109' title='bbox 107 2472 192 2518; x_wconf 88' lang='lat' dir='ltr'>unam</span> <span class='ocrx_word' id='word_1_110' title='bbox 218 2474 366 2519; x_wconf 86' lang='lat' dir='ltr'>summam</span> <span class='ocrx_word' id='word_1_111' title='bbox 388 2461 564 2538; x_wconf 85' lang='lat' dir='ltr'>colligendi,</span> <span class='ocrx_word' id='word_1_112' title='bbox 587 2484 605 2520; x_wconf 86' lang='lat' dir='ltr'>a</span> <span class='ocrx_word' id='word_1_113' title='bbox 622 2461 719 2543; x_wconf 91' lang='lat' dir='ltr'>prima</span> <span class='ocrx_word' id='word_1_114' title='bbox 734 2462 794 2524; x_wconf 89' lang='lat' dir='ltr'>viz.</span> <span class='ocrx_word' id='word_1_115' title='bbox 809 2459 996 2534; x_wconf 79' lang='lat' dir='ltr'>indictione,</span> <span class='ocrx_word' id='word_1_116' title='bbox 1020 2469 1052 2517; x_wconf 87' lang='lat' dir='ltr'>et</span> <span class='ocrx_word' id='word_1_117' title='bbox 1064 2459 1211 2521; x_wconf 72' lang='lat' dir='ltr'>collectae</span> 
     </span>
     <span class='ocr_line' id='line_1_19' title="bbox 108 2545 1213 2627; baseline 0.003 -28"><span class='ocrx_word' id='word_1_118' title='bbox 108 2561 252 2605; x_wconf 73' lang='lat' dir='ltr'>annonam</span> <span class='ocrx_word' id='word_1_119' title='bbox 275 2565 407 2607; x_wconf 83' lang='lat' dir='ltr'>summae</span> <span class='ocrx_word' id='word_1_120' title='bbox 430 2568 487 2627; x_wconf 92' lang='lat' dir='ltr'>pro</span> <span class='ocrx_word' id='word_1_121' title='bbox 513 2557 622 2627; x_wconf 86' lang='lat' dir='ltr'>quarto</span> <span class='ocrx_word' id='word_1_122' title='bbox 644 2567 765 2626; x_wconf 90' lang='lat' dir='ltr'>quoque</span> <span class='ocrx_word' id='word_1_123' title='bbox 787 2555 881 2619; x_wconf 85' lang='lat' dir='ltr'>anno,</span> <span class='ocrx_word' id='word_1_124' title='bbox 906 2545 1082 2623; x_wconf 75' lang='lat' dir='ltr'>unitmper</span> <span class='ocrx_word' id='word_1_125' title='bbox 1098 2562 1213 2623; x_wconf 81' lang='lat' dir='ltr'>perpe·-</span> 
     </span>
     <span class='ocr_line' id='line_1_20' title="bbox 107 2630 1209 2710; baseline 0.001 -24"><span class='ocrx_word' id='word_1_126' title='bbox 107 2636 185 2689; x_wconf 88' lang='lat' dir='ltr'>tuam</span> <span class='ocrx_word' id='word_1_127' title='bbox 207 2630 347 2710; x_wconf 87' lang='lat' dir='ltr'>regulam</span> <span class='ocrx_word' id='word_1_128' title='bbox 360 2631 507 2695; x_wconf 89' lang='lat' dir='ltr'>addenda.</span> <span class='ocrx_word' id='word_1_129' title='bbox 553 2633 620 2706; x_wconf 85' lang='lat' dir='ltr'>Qua</span> <span class='ocrx_word' id='word_1_130' title='bbox 646 2634 725 2692; x_wconf 83' lang='lat' dir='ltr'>facta</span> <span class='ocrx_word' id='word_1_131' title='bbox 755 2632 906 2692; x_wconf 85' lang='lat' dir='ltr'>additione</span> <span class='ocrx_word' id='word_1_132' title='bbox 931 2630 1054 2696; x_wconf 82' lang='lat' dir='ltr'>unitatis</span> <span class='ocrx_word' id='word_1_133' title='bbox 1074 2638 1209 2708; x_wconf 72' lang='lat' dir='ltr'>quartae,</span> 
     </span>
     <span class='ocr_line' id='line_1_21' title="bbox 109 2711 1210 2797; baseline 0.003 -28"><span class='ocrx_word' id='word_1_134' title='bbox 109 2711 162 2773; x_wconf 87' lang='lat' dir='ltr'>alia</span> <span class='ocrx_word' id='word_1_135' title='bbox 187 2717 323 2777; x_wconf 88' lang='lat' dir='ltr'>vicissim</span> <span class='ocrx_word' id='word_1_136' title='bbox 352 2718 451 2777; x_wconf 90' lang='lat' dir='ltr'>unitas</span> <span class='ocrx_word' id='word_1_137' title='bbox 480 2741 496 2778; x_wconf 88' lang='lat' dir='ltr'>a</span> <span class='ocrx_word' id='word_1_138' title='bbox 525 2738 641 2780; x_wconf 86' lang='lat' dir='ltr'>summa</span> <span class='ocrx_word' id='word_1_139' title='bbox 670 2738 789 2797; x_wconf 85' lang='lat' dir='ltr'>quaque</span> <span class='ocrx_word' id='word_1_140' title='bbox 822 2715 1006 2776; x_wconf 86' lang='lat' dir='ltr'>detrahenda</span> <span class='ocrx_word' id='word_1_141' title='bbox 1027 2716 1089 2775; x_wconf 81' lang='lat' dir='ltr'>erit</span> <span class='ocrx_word' id='word_1_142' title='bbox 1133 2714 1210 2773; x_wconf 88' lang='lat' dir='ltr'>Tum</span> 
     </span>
     <span class='ocr_line' id='line_1_22' title="bbox 109 2799 1212 2885; baseline -0.004 -21"><span class='ocrx_word' id='word_1_143' title='bbox 109 2806 135 2861; x_wconf 78' lang='lat' dir='ltr'>tt</span> <span class='ocrx_word' id='word_1_144' title='bbox 156 2801 218 2865; x_wconf 82' lang='lat' dir='ltr'>dies</span> <span class='ocrx_word' id='word_1_145' title='bbox 239 2802 368 2882; x_wconf 73' lang='lat' dir='ltr'>mensis,</span> <span class='ocrx_word' id='word_1_146' title='bbox 400 2803 569 2885; x_wconf 81' lang='lat' dir='ltr'>dequibus</span> <span class='ocrx_word' id='word_1_147' title='bbox 589 2805 760 2879; x_wconf 65' lang='lat' dir='ltr'>insumus</span> <span class='ocrx_word' id='word_1_148' title='bbox 778 2804 937 2883; x_wconf 79' lang='lat' dir='ltr'>quaestio,</span> <span class='ocrx_word' id='word_1_149' title='bbox 969 2801 1001 2860; x_wconf 91' lang='lat' dir='ltr'>in</span> <span class='ocrx_word' id='word_1_150' title='bbox 1026 2799 1212 2883; x_wconf 69' lang='lat' dir='ltr'>praedictam</span> 
     </span>
     <span class='ocr_line' id='line_1_23' title="bbox 110 2887 1235 2973; baseline 0.003 -32"><span class='ocrx_word' id='word_1_151' title='bbox 110 2902 251 2948; x_wconf 85' lang='lat' dir='ltr'>summam</span> <span class='ocrx_word' id='word_1_152' title='bbox 281 2889 475 2971; x_wconf 72' lang='lat' dir='ltr'>conferendi,</span> <span class='ocrx_word' id='word_1_153' title='bbox 521 2891 604 2970; x_wconf 89' lang='lat' dir='ltr'>quod</span> <span class='ocrx_word' id='word_1_154' title='bbox 631 2901 733 2953; x_wconf 89' lang='lat' dir='ltr'>tamen</span> <span class='ocrx_word' id='word_1_155' title='bbox 754 2889 812 2973; x_wconf 13' lang='lat' dir='ltr'>,ita</span> <span class='ocrx_word' id='word_1_156' title='bbox 839 2887 1068 2964; x_wconf 83' lang='lat' dir='ltr'>intelligendum</span> <span class='ocrx_word' id='word_1_157' title='bbox 1095 2895 1131 2944; x_wconf 93' lang='lat' dir='ltr'>ut</span> <span class='ocrx_word' id='word_1_158' title='bbox 1152 2907 1235 2965; x_wconf 68' lang='lat' dir='ltr'>pro,</span> 
     </span>
     <span class='ocr_line' id='line_1_24' title="bbox 108 2967 1212 3057; baseline 0 -26"><span class='ocrx_word' id='word_1_159' title='bbox 108 2967 378 3034; x_wconf 73' lang='lat' dir='ltr'>Alexandrianu-</span> <span class='ocrx_word' id='word_1_160' title='bbox 401 2992 483 3057; x_wconf 80' lang='lat' dir='ltr'>more</span> <span class='ocrx_word' id='word_1_161' title='bbox 506 2975 651 3055; x_wconf 84' lang='lat' dir='ltr'>procedat</span> <span class='ocrx_word' id='word_1_162' title='bbox 680 2972 833 3049; x_wconf 82' lang='lat' dir='ltr'>calculus,</span> <span class='ocrx_word' id='word_1_163' title='bbox 862 2992 1002 3033; x_wconf 83' lang='lat' dir='ltr'>umense</span> <span class='ocrx_word' id='word_1_164' title='bbox 1024 2990 1129 3051; x_wconf 83' lang='lat' dir='ltr'>nempe</span> <span class='ocrx_word' id='word_1_165' title='bbox 1150 2974 1212 3031; x_wconf 83' lang='lat' dir='ltr'>Se-</span> 
     </span>
     <span class='ocr_line' id='line_1_25' title="bbox 108 3058 1211 3141; baseline 0.001 -28"><span class='ocrx_word' id='word_1_166' title='bbox 108 3059 236 3132; x_wconf 87' lang='lat' dir='ltr'>ptembri</span> <span class='ocrx_word' id='word_1_167' title='bbox 260 3061 390 3139; x_wconf 91' lang='lat' dir='ltr'>proinde</span> <span class='ocrx_word' id='word_1_168' title='bbox 411 3061 605 3141; x_wconf 83' lang='lat' dir='ltr'>repetendus.</span> <span class='ocrx_word' id='word_1_169' title='bbox 648 3061 723 3123; x_wconf 87' lang='lat' dir='ltr'>Indo</span> <span class='ocrx_word' id='word_1_170' title='bbox 742 3059 923 3125; x_wconf 72' lang='lat' dir='ltr'>numerandi</span> <span class='ocrx_word' id='word_1_171' title='bbox 945 3079 1058 3118; x_wconf 89' lang='lat' dir='ltr'>menses</span> <span class='ocrx_word' id='word_1_172' title='bbox 1081 3058 1121 3116; x_wconf 87' lang='lat' dir='ltr'>ad</span> <span class='ocrx_word' id='word_1_173' title='bbox 1142 3075 1211 3115; x_wconf 87' lang='lat' dir='ltr'>eum</span> 
     </span>
     <span class='ocr_line' id='line_1_26' title="bbox 108 3140 1211 3227; baseline -0.004 -25"><span class='ocrx_word' id='word_1_174' title='bbox 108 3159 201 3220; x_wconf 77' lang='lat' dir='ltr'>usque</span> <span class='ocrx_word' id='word_1_175' title='bbox 222 3165 356 3206; x_wconf 85' lang='lat' dir='ltr'>mensem</span> <span class='ocrx_word' id='word_1_176' title='bbox 379 3146 466 3226; x_wconf 86' lang='lat' dir='ltr'>cujus</span> <span class='ocrx_word' id='word_1_177' title='bbox 486 3146 589 3207; x_wconf 82' lang='lat' dir='ltr'>feriam</span> <span class='ocrx_word' id='word_1_178' title='bbox 612 3148 750 3227; x_wconf 87' lang='lat' dir='ltr'>quaeris,</span> <span class='ocrx_word' id='word_1_179' title='bbox 772 3146 977 3223; x_wconf 78' lang='lat' dir='ltr'>mensiumque</span> <span class='ocrx_word' id='word_1_180' title='bbox 990 3162 1132 3202; x_wconf 89' lang='lat' dir='ltr'>numerus</span> <span class='ocrx_word' id='word_1_181' title='bbox 1148 3140 1211 3199; x_wconf 90' lang='lat' dir='ltr'>du-</span> 
     </span>
     <span class='ocr_line' id='line_1_27' title="bbox 109 3222 1209 3313; baseline 0.002 -32"><span class='ocrx_word' id='word_1_182' title='bbox 109 3222 235 3300; x_wconf 84' lang='lat' dir='ltr'>plicatus</span> <span class='ocrx_word' id='word_1_183' title='bbox 259 3250 392 3289; x_wconf 88' lang='lat' dir='ltr'>summae</span> <span class='ocrx_word' id='word_1_184' title='bbox 412 3231 472 3311; x_wconf 84' lang='lat' dir='ltr'>jam</span> <span class='ocrx_word' id='word_1_185' title='bbox 494 3231 639 3291; x_wconf 83' lang='lat' dir='ltr'>collectae</span> <span class='ocrx_word' id='word_1_186' title='bbox 660 3232 855 3313; x_wconf 84' lang='lat' dir='ltr'>adjiciendus.</span> <span class='ocrx_word' id='word_1_187' title='bbox 889 3231 932 3288; x_wconf 84' lang='lat' dir='ltr'>Ea</span> <span class='ocrx_word' id='word_1_188' title='bbox 954 3249 1067 3288; x_wconf 85' lang='lat' dir='ltr'>summa</span> <span class='ocrx_word' id='word_1_189' title='bbox 1088 3224 1130 3285; x_wconf 87' lang='lat' dir='ltr'>ita</span> <span class='ocrx_word' id='word_1_190' title='bbox 1154 3246 1209 3284; x_wconf 88' lang='lat' dir='ltr'>au-</span> 
     </span>
     <span class='ocr_line' id='line_1_28' title="bbox 109 3313 1210 3396; baseline 0.004 -33"><span class='ocrx_word' id='word_1_191' title='bbox 109 3315 170 3386; x_wconf 86' lang='lat' dir='ltr'>cta,</span> <span class='ocrx_word' id='word_1_192' title='bbox 190 3313 222 3375; x_wconf 90' lang='lat' dir='ltr'>in</span> <span class='ocrx_word' id='word_1_193' title='bbox 244 3325 383 3395; x_wconf 76' lang='lat' dir='ltr'>septenos</span> <span class='ocrx_word' id='word_1_194' title='bbox 405 3316 628 3394; x_wconf 82' lang='lat' dir='ltr'>distribuenda,</span> <span class='ocrx_word' id='word_1_195' title='bbox 650 3329 681 3378; x_wconf 86' lang='lat' dir='ltr'>et</span> <span class='ocrx_word' id='word_1_196' title='bbox 703 3336 780 3396; x_wconf 88' lang='lat' dir='ltr'>quae</span> <span class='ocrx_word' id='word_1_197' title='bbox 802 3317 869 3376; x_wconf 87' lang='lat' dir='ltr'>dies</span> <span class='ocrx_word' id='word_1_198' title='bbox 887 3313 1121 3392; x_wconf 64' lang='lat' dir='ltr'>reliquentem,</span> <span class='ocrx_word' id='word_1_199' title='bbox 1144 3328 1210 3368; x_wconf 86' lang='lat' dir='ltr'>eam</span> 
     </span>
     <span class='ocr_line' id='line_1_29' title="bbox 108 3384 1211 3483; baseline -0.003 -27"><span class='ocrx_word' id='word_1_200' title='bbox 108 3384 213 3457; x_wconf 81' lang='lat' dir='ltr'>habeas</span> <span class='ocrx_word' id='word_1_201' title='bbox 236 3420 294 3483; x_wconf 90' lang='lat' dir='ltr'>pro</span> <span class='ocrx_word' id='word_1_202' title='bbox 317 3401 365 3462; x_wconf 89' lang='lat' dir='ltr'>die</span> <span class='ocrx_word' id='word_1_203' title='bbox 387 3400 571 3482; x_wconf 74' lang='lat' dir='ltr'>septimanae</span> <span class='ocrx_word' id='word_1_204' title='bbox 591 3402 740 3483; x_wconf 82' lang='lat' dir='ltr'>expetite:</span> <span class='ocrx_word' id='word_1_205' title='bbox 776 3420 830 3461; x_wconf 79' lang='lat' dir='ltr'>sear</span> <span class='ocrx_word' id='word_1_206' title='bbox 853 3402 923 3458; x_wconf 86' lang='lat' dir='ltr'>anni</span> <span class='ocrx_word' id='word_1_207' title='bbox 943 3416 1002 3457; x_wconf 86' lang='lat' dir='ltr'>una</span> <span class='ocrx_word' id='word_1_208' title='bbox 1025 3397 1115 3456; x_wconf 83' lang='lat' dir='ltr'>fuerit</span> <span class='ocrx_word' id='word_1_209' title='bbox 1134 3395 1211 3453; x_wconf 83' lang='lat' dir='ltr'>reli-</span> 
     </span>
     <span class='ocr_line' id='line_1_30' title="bbox 109 3479 1212 3569; baseline 0.001 -31"><span class='ocrx_word' id='word_1_210' title='bbox 109 3487 173 3556; x_wconf 87' lang='lat' dir='ltr'>cta,</span> <span class='ocrx_word' id='word_1_211' title='bbox 196 3482 351 3545; x_wconf 71' lang='lat' dir='ltr'>dominica</span> <span class='ocrx_word' id='word_1_212' title='bbox 374 3489 465 3549; x_wconf 84' lang='lat' dir='ltr'>luisse</span> <span class='ocrx_word' id='word_1_213' title='bbox 487 3487 742 3569; x_wconf 81' lang='lat' dir='ltr'>deprehenditur,</span> <span class='ocrx_word' id='word_1_214' title='bbox 772 3506 826 3545; x_wconf 89' lang='lat' dir='ltr'>seu</span> <span class='ocrx_word' id='word_1_215' title='bbox 846 3486 943 3560; x_wconf 87' lang='lat' dir='ltr'>duae,</span> <span class='ocrx_word' id='word_1_216' title='bbox 972 3479 1212 3550; x_wconf 59' lang='lat' dir='ltr'>larissiensis,</span> 
     </span>
     <span class='ocr_line' id='line_1_31' title="bbox 110 3566 1208 3653; baseline -0.002 -28"><span class='ocrx_word' id='word_1_217' title='bbox 110 3571 138 3621; x_wconf 84' lang='lat' dir='ltr'>et</span> <span class='ocrx_word' id='word_1_218' title='bbox 158 3566 200 3627; x_wconf 85' lang='lat' dir='ltr'>sic</span> <span class='ocrx_word' id='word_1_219' title='bbox 222 3569 368 3653; x_wconf 81' lang='lat' dir='ltr'>deinceps</span> <span class='ocrx_word' id='word_1_220' title='bbox 387 3592 484 3653; x_wconf 79' lang='lat' dir='ltr'>usque</span> <span class='ocrx_word' id='word_1_221' title='bbox 511 3574 551 3633; x_wconf 90' lang='lat' dir='ltr'>ad</span> <span class='ocrx_word' id='word_1_222' title='bbox 572 3575 746 3641; x_wconf 77' lang='lat' dir='ltr'>Sabbatum,</span> <span class='ocrx_word' id='word_1_223' title='bbox 789 3569 929 3649; x_wconf 83' lang='lat' dir='ltr'>Exempli</span> <span class='ocrx_word' id='word_1_224' title='bbox 950 3567 1061 3647; x_wconf 84' lang='lat' dir='ltr'>gratia,</span> <span class='ocrx_word' id='word_1_225' title='bbox 1091 3584 1208 3644; x_wconf 85' lang='lat' dir='ltr'>propo·-</span> 
     </span>
     <span class='ocr_line' id='line_1_32' title="bbox 109 3652 1208 3738; baseline 0.003 -32"><span class='ocrx_word' id='word_1_226' title='bbox 109 3658 197 3713; x_wconf 82' lang='lat' dir='ltr'>natur&#39;</span> <span class='ocrx_word' id='word_1_227' title='bbox 216 3654 331 3736; x_wconf 80' lang='lat' dir='ltr'>A&#39;prilis</span> <span class='ocrx_word' id='word_1_228' title='bbox 352 3679 396 3718; x_wconf 68' lang='grc' dir='ltr'>Χῖ.</span> <span class='ocrx_word' id='word_1_229' title='bbox 421 3655 599 3725; x_wconf 82' lang='lat' dir='ltr'>indictionis</span> <span class='ocrx_word' id='word_1_230' title='bbox 621 3660 765 3738; x_wconf 78' lang='lat' dir='ltr'>septimae</span> <span class='ocrx_word' id='word_1_231' title='bbox 783 3658 844 3738; x_wconf 83' lang='lat' dir='ltr'>jam</span> <span class='ocrx_word' id='word_1_232' title='bbox 866 3655 1001 3715; x_wconf 77' lang='lat' dir='ltr'>latentis.</span> <span class='ocrx_word' id='word_1_233' title='bbox 1045 3653 1122 3711; x_wconf 80' lang='lat' dir='ltr'>Sunt</span> <span class='ocrx_word' id='word_1_234' title='bbox 1143 3652 1208 3709; x_wconf 85' lang='lat' dir='ltr'>ita-</span> 
     </span>
    </p>
   </div>
   <div class='ocr_carea' id='block_1_6' title="bbox 111 3737 1386 3823">
    <p class='ocr_par' dir='ltr' id='par_1_6' title="bbox 111 3737 1386 3823">
     <span class='ocr_line' id='line_1_33' title="bbox 111 3737 1386 3823; baseline -0.009 -20"><span class='ocrx_word' id='word_1_235' title='bbox 111 3752 202 3812; x_wconf 77' lang='lat' dir='ltr'>quea</span> <span class='ocrx_word' id='word_1_236' title='bbox 226 3742 326 3822; x_wconf 87' lang='lat' dir='ltr'>prima</span> <span class='ocrx_word' id='word_1_237' title='bbox 345 3744 514 3810; x_wconf 81' lang='lat' dir='ltr'>indictione</span> <span class='ocrx_word' id='word_1_238' title='bbox 536 3746 573 3804; x_wconf 86' lang='lat' dir='ltr'>ad</span> <span class='ocrx_word' id='word_1_239' title='bbox 602 3745 685 3805; x_wconf 90' lang='lat' dir='ltr'>hunc</span> <span class='ocrx_word' id='word_1_240' title='bbox 712 3760 810 3823; x_wconf 86' lang='lat' dir='ltr'>nsque</span> <span class='ocrx_word' id='word_1_241' title='bbox 840 3760 950 3807; x_wconf 85' lang='lat' dir='ltr'>annum</span> <span class='ocrx_word' id='word_1_242' title='bbox 972 3738 1097 3811; x_wconf 79' lang='lat' dir='ltr'>nostri,</span> <span class='ocrx_word' id='word_1_243' title='bbox 1126 3737 1209 3815; x_wconf 78' lang='lat' dir='ltr'>quod</span> <span class='ocrx_word' id='word_1_244' title='bbox 1300 3758 1310 3779; x_wconf 41' lang='grc' dir='ltr'>κ</span> <span class='ocrx_word' id='word_1_245' title='bbox 1380 3773 1386 3781; x_wconf 88' lang='grc'><strong>-</strong></span> 
     </span>
    </p>
   </div>
   <div class='ocr_carea' id='block_1_7' title="bbox 69 3819 1211 4251">
    <p class='ocr_par' dir='ltr' id='par_1_7' title="bbox 69 3819 1211 4251">
     <span class='ocr_line' id='line_1_34' title="bbox 110 3819 1207 3917; baseline 0.005 -42"><span class='ocrx_word' id='word_1_246' title='bbox 110 3819 209 3885; x_wconf 86' lang='lat' dir='ltr'>divino</span> <span class='ocrx_word' id='word_1_247' title='bbox 232 3834 309 3891; x_wconf 83' lang='lat' dir='ltr'>nutu</span> <span class='ocrx_word' id='word_1_248' title='bbox 337 3829 596 3906; x_wconf 86' lang='lat' dir='ltr'>administramus,</span> <span class='ocrx_word' id='word_1_249' title='bbox 624 3831 762 3917; x_wconf 87' lang='lat' dir='ltr'>imperii,</span> <span class='ocrx_word' id='word_1_250' title='bbox 798 3828 997 3888; x_wconf 82' lang='lat' dir='ltr'>indictionem</span> <span class='ocrx_word' id='word_1_251' title='bbox 1025 3842 1132 3903; x_wconf 85' lang='lat' dir='ltr'>nempe</span> <span class='ocrx_word' id='word_1_252' title='bbox 1153 3841 1207 3880; x_wconf 77' lang='lat' dir='ltr'>vn.</span> 
     </span>
     <span class='ocr_line' id='line_1_35' title="bbox 112 3908 1209 3998; baseline 0.003 -36"><span class='ocrx_word' id='word_1_253' title='bbox 112 3908 175 3966; x_wconf 81' lang='lat' dir='ltr'>anni</span> <span class='ocrx_word' id='word_1_254' title='bbox 194 3930 249 3976; x_wconf 83' lang='lat' dir='ltr'>vn.</span> <span class='ocrx_word' id='word_1_255' title='bbox 276 3916 408 3993; x_wconf 85' lang='lat' dir='ltr'>quor&#39;um</span> <span class='ocrx_word' id='word_1_256' title='bbox 432 3922 539 3996; x_wconf 77' lang='lat' dir='ltr'>quarte</span> <span class='ocrx_word' id='word_1_257' title='bbox 560 3938 631 3998; x_wconf 88' lang='lat' dir='ltr'>pars</span> <span class='ocrx_word' id='word_1_258' title='bbox 652 3916 773 3976; x_wconf 85' lang='lat' dir='ltr'>unicam</span> <span class='ocrx_word' id='word_1_259' title='bbox 795 3914 920 3995; x_wconf 73' lang='lat' dir='ltr'>praehet</span> <span class='ocrx_word' id='word_1_260' title='bbox 939 3911 1096 3971; x_wconf 82' lang='lat' dir='ltr'>unitstem.</span> <span class='ocrx_word' id='word_1_261' title='bbox 1133 3908 1209 3966; x_wconf 73' lang='lat' dir='ltr'>Tres</span> 
     </span>
     <span class='ocr_line' id='line_1_36' title="bbox 113 3990 1209 4078; baseline -0.007 -22"><span class='ocrx_word' id='word_1_262' title='bbox 113 3990 184 4048; x_wconf 64' lang='lat' dir='ltr'>‘ssim</span> <span class='ocrx_word' id='word_1_263' title='bbox 204 3998 314 4078; x_wconf 85' lang='lat' dir='ltr'>reliqui</span> <span class='ocrx_word' id='word_1_264' title='bbox 338 4020 442 4067; x_wconf 89' lang='lat' dir='ltr'>eorum</span> <span class='ocrx_word' id='word_1_265' title='bbox 463 3999 598 4065; x_wconf 87' lang='lat' dir='ltr'>indicant</span> <span class='ocrx_word' id='word_1_266' title='bbox 619 4022 768 4065; x_wconf 88' lang='lat' dir='ltr'>annorum</span> <span class='ocrx_word' id='word_1_267' title='bbox 789 4016 947 4059; x_wconf 88' lang='lat' dir='ltr'>numerum</span> <span class='ocrx_word' id='word_1_268' title='bbox 970 3995 1023 4076; x_wconf 88' lang='lat' dir='ltr'>qui</span> <span class='ocrx_word' id='word_1_269' title='bbox 1040 3995 1209 4056; x_wconf 82' lang='lat' dir='ltr'>aBissexto</span> 
     </span>
     <span class='ocr_line' id='line_1_37' title="bbox 69 4067 1211 4168; baseline 0.007 -36"><span class='ocrx_word' id='word_1_270' title='bbox 69 4101 72 4107; x_wconf 91' lang='lat'>·</span> <span class='ocrx_word' id='word_1_271' title='bbox 112 4067 228 4138; x_wconf 86' lang='lat' dir='ltr'>fluxere.</span> <span class='ocrx_word' id='word_1_272' title='bbox 270 4083 388 4147; x_wconf 87' lang='lat' dir='ltr'>Horum</span> <span class='ocrx_word' id='word_1_273' title='bbox 407 4086 509 4166; x_wconf 88' lang='lat' dir='ltr'>itaque</span> <span class='ocrx_word' id='word_1_274' title='bbox 533 4098 671 4168; x_wconf 85' lang='lat' dir='ltr'>quartam</span> <span class='ocrx_word' id='word_1_275' title='bbox 692 4096 811 4167; x_wconf 87' lang='lat' dir='ltr'>partem</span> <span class='ocrx_word' id='word_1_276' title='bbox 841 4105 903 4144; x_wconf 90' lang='lat' dir='ltr'>non</span> <span class='ocrx_word' id='word_1_277' title='bbox 938 4080 1103 4162; x_wconf 81' lang='lat' dir='ltr'>accipimus</span> <span class='ocrx_word' id='word_1_278' title='bbox 1136 4077 1211 4136; x_wconf 80' lang='lat' dir='ltr'>(lum</span> 
     </span>
     <span class='ocr_line' id='line_1_38' title="bbox 113 4154 1207 4251; baseline 0.009 -36"><span class='ocrx_word' id='word_1_279' title='bbox 113 4154 148 4215; x_wconf 84' lang='lat' dir='ltr'>ad</span> <span class='ocrx_word' id='word_1_280' title='bbox 168 4178 214 4223; x_wconf 83' lang='lat' dir='ltr'>rx.</span> <span class='ocrx_word' id='word_1_281' title='bbox 235 4180 332 4241; x_wconf 79' lang='lat' dir='ltr'>usque</span> <span class='ocrx_word' id='word_1_282' title='bbox 360 4174 597 4251; x_wconf 83' lang='lat' dir='ltr'>assurrexerint,</span> <span class='ocrx_word' id='word_1_283' title='bbox 625 4183 661 4233; x_wconf 91' lang='lat' dir='ltr'>ut</span> <span class='ocrx_word' id='word_1_284' title='bbox 683 4174 742 4235; x_wconf 85' lang='lat' dir='ltr'>alia</span> <span class='ocrx_word' id='word_1_285' title='bbox 761 4190 868 4232; x_wconf 86' lang='lat' dir='ltr'>rursus</span> <span class='ocrx_word' id='word_1_286' title='bbox 889 4169 989 4229; x_wconf 85' lang='lat' dir='ltr'>unitas</span> <span class='ocrx_word' id='word_1_287' title='bbox 1020 4186 1077 4245; x_wconf 87' lang='lat' dir='ltr'>pro</span> <span class='ocrx_word' id='word_1_288' title='bbox 1102 4170 1207 4240; x_wconf 73' lang='lat' dir='ltr'>quart·</span> 
     </span>
    </p>
   </div>
   <div class='ocr_carea' id='block_1_8' title="bbox 0 0 1522 4898">
    <p class='ocr_par' dir='ltr' id='par_1_8' title="bbox 0 0 1522 4898">
     <span class='ocr_line' id='line_1_39' title="bbox 0 0 1522 4898; baseline 0 0"><span class='ocrx_word' id='word_1_289' title='bbox 0 0 1522 4898; x_wconf 95' lang='lat' dir='ltr'> </span> 
     </span>
    </p>
   </div>
  </div>
 </body>
</html>
