2992 4894
218 256 224 263 ¹
251 318 301 392 34
644 282 955 375 canusinis.

148 526 155 541 1
252 506 336 563 rare,
357 486 385 544 si
412 480 451 543 ab
473 483 546 565 ipsis
566 476 671 543 mundi
684 476 863 563 'primordiis
883 477 994 541 dimum
1017 479 1163 541 instinctio
1185 500 1223 541 aa
1238 476 1359 554 Lunae,

251 569 299 635 uel
317 586 494 650 temporum,
515 591 554 631 ac
575 564 709 648 deincps
732 566 820 649 hujus
836 562 1029 629 solemnitatis
1041 567 1156 625 initium
1173 565 1357 646 requiratur:

252 671 341 738 atque
350 678 403 736 per
421 651 564 735 digestum
577 649 710 713 ordinent
728 648 911 715 saemslorum
928 652 1109 733 quaestionis
1128 650 1280 713 abstrusae
1298 673 1359 711 eor-
1411 652 1415 657 “

249 739 382 824 ploretur
395 740 556 819 integritas·
600 738 637 797 Et
657 738 750 797 iufra:
773 733 848 799 Cum
872 738 971 818 itaque
991 734 1070 796 nibil
1089 734 1238 797 resedisset
1251 735 1360 797 ambi-

248 828 320 908 gui,
350 823 465 899 diebus,
486 821 584 900 lunis,
611 842 650 887 ac
674 822 831 898 bissextis,
861 819 929 885 inde
950 822 1197 885 a'constitntione
1214 819 1359 902 bumana,

251 914 283 972 in
297 926 426 973 nostram
441 906 482 969 ad
497 931 588 991 usque
600 910 783 990 progenies,
806 904 938 971 mirabili
960 904 1131 967 decursione
1149 904 1360 983 concordibus,

252 997 444 1059 necessarium
461 992 549 1078 fuit,
575 989 799 1076 propterquod
819 994 952 1056 manime
976 1015 1056 1051 meae
1078 991 1148 1053 lraic
1172 993 1360 1074 inquisitioni

251 1078 410 1145 secundum
428 1092 497 1141 tuat
513 1076 548 1137 V
544 1079 718 1141 enerotionis
740 1074 932 1153 melmun,
955 1100 1019 1137 mea
1036 1074 1202 1139 desudabat
1221 1078 1359 1147 intentio.

250 1182 283 1228 ut
295 1168 430 1231 nstrata
443 1160 603 1225 Pmctatta
617 1179 831 1243 perscrutarer,
852 1161 900 1223 vel
918 1158 1001 1225 illius
1014 1165 1165 1241 temporis,
1190 1180 1251 1243 quo
1269 1184 1361 1242 proe-

252 1253 383 1334 ceptione
403 1246 507 1309 diuina
521 1269 541 1306 a
558 1245 641 1331 filiis
661 1246 755 1308 lsrael
775 1245 945 1308 immolatus
957 1251 990 1308 in
1002 1246 1156 1328 Aegypto,
1179 1243 1227 1307 uel
1236 1249 1362 1328 praeci-

221 1320 227 1339 ’
249 1322 307 1417 pue
326 1333 409 1396 illisus
434 1355 492 1416 quo
513 1355 569 1414 pra
597 1330 793 1414 redemptione
819 1348 919 1393 nostra
949 1348 1037 1415 atque
1057 1331 1167 1408 solute,
1196 1328 1249 1392 ille
1275 1354 1362 1394 verus
1404 1366 1408 1376 ·

155 1462 158 1465 -
252 1443 362 1502 agnus,
385 1422 468 1500 cujus
478 1418 586 1498 figura
603 1433 816 1499 praecesserat,
837 1415 956 1478 Pasclso
973 1433 1104 1479 nostrum
1129 1414 1300 1485 irnmolatus
1316 1432 1362 1478 est

254 1503 395 1567 Christus.
438 1504 521 1563 ldem
542 1504 671 1582 denique
691 1505 835 1584 scriptor:
863 1501 1047 1585 Quapropter
1068 1502 1205 1564 omnibus
1215 1503 1292 1584 fisco
1316 1501 1361 1562 li-

253 1593 322 1651 mite
340 1610 521 1663 consonans,
551 1592 743 1651 necessarium
767 1603 830 1648 erat
850 1603 970 1669 propter
983 1586 1139 1651 Parabalis
1157 1586 1362 1649 observantiae

253 1678 407 1751 radonem,
430 1666 491 1734 dies
504 1689 531 1732 et
543 1672 632 1734 lunas
646 1698 666 1735 a
681 1673 784 1734 mundi
797 1676 887 1754 ipsius
898 1672 1025 1735 describi
1036 1674 1195 1754 principio,
1210 1694 1269 1754 quo
1280 1696 1362 1752 pos-
1375 1736 1378 1739 ,

251 1762 291 1823 sit
304 1783 398 1821 rerum
420 1782 522 1821 cursus
543 1757 687 1820 euidenter
706 1762 840 1842 agnosci.
890 1758 963 1819 ldeo
982 1780 1075 1839 porro
1091 1757 1243 1819 Victorius
1256 1760 1363 1819 bursae

250 1846 382 1907 rationes
396 1854 425 1904 et
438 1854 610 1924 temporum
625 1846 734 1905 seriem
756 1843 889 1905 emundi
906 1846 1030 1907 exordio
1055 1865 1094 1907 cx
1116 1844 1238 1904 Eusebii
1259 1843 1362 1904 Chro-

251 1932 335 2004 nico,
358 1940 388 1991 et
407 1951 446 1991 ex
469 1931 507 1989 iis
530 1952 607 2009 quae
628 1931 742 2010 adjecta
762 1930 886 1990 suntab
908 1930 1106 2009 Hieronymo,
1128 1940 1159 1989 et
1177 1951 1195 1991 a
1214 1932 1362 2010 Prospero

251 2037 347 2095 usque
371 2016 409 2075 ad
433 2017 626 2083 Consulatum
649 2015 853 2077 Valentiniani
875 2016 908 2074 Α.
926 2036 994 2078 v111.
1019 2026 1048 2077 st
1072 2014 1239 2091 Anthemii,
1269 2025 1363 2081 etex

251 2103 392 2181 Prosperi
407 2100 532 2161 alterius
546 2123 563 2160 a
580 2103 685 2162 mundi
708 2103 834 2162 exordio
859 2100 952 2163 ad‘vr.
967 2102 1103 2163 Valentis
1118 2103 1315 2163 Consulatum
1327 2110 1364 2161 et

250 2186 452 2247 Valentiniani
466 2209 500 2250 ιι.
515 2187 716 2266 repetiturum
740 2209 772 2247 se
787 2187 908 2267 quidem
928 2187 1099 2268 profitetur.
1140 2188 1202 2247 Sed
1216 2188 1284 2266 quin
1299 2188 1363 2247 im-

250 2292 386 2331 mensum
403 2288 478 2350 opus
496 2271 621 2415 supparis
643 2283 709 2334 arat
730 2273 799 2350 otii,
822 2274 886 2353 ejus
904 2273 1088 2334 breviarium
1112 2274 1232 2335 interim
1255 2293 1287 2333 se
1303 2293 1363 2332 ex-

250 2357 366 2439 plicare
382 2356 440 2417 ait:
465 2354 530 2435 Quo
568 2374 679 2436 tamen,
702 2370 828 2419 unmox
851 2358 970 2433 subdit,
992 2382 1034 2421 ex
1056 2360 1150 2438 ipsius
1165 2355 1364 2437 plenitudinis

250 2440 450 2504 obseruatione
472 2440 645 2520 descendat,
675 2465 713 2503 ex
737 2455 874 2524 tempore
900 2446 1050 2507 Passionis
1073 2445 1259 2519 ttominicae,
1288 2464 1363 2504 oum

249 2528 347 2586 Fastis
370 2528 601 2600 consularibus,
618 2531 710 2597 ,aunis
734 2531 1178 2603 Periadinxxx11.Bissextis,
1201 2530 1364 2595 feriis‘an·¹

250 2611 319 2672 uuis
335 2612 367 2669 in
380 2612 525 2672 Kalendis
537 2614 695 2689 ianuariis,
719 2625 814 2675 aetate
831 2618 930 2675 Lunae
948 2617 980 2675 in
994 2617 1099 2680 iisdem
1115 2615 1269 2690 Kalendis,
1290 2614 1363 2674 dic-

251 2698 309 2756 bus
336 2696 550 2774 Paschalibus,
589 2710 687 2759 aetate
726 2703 827 2773 Lunae
864 2701 1031 2780 Paschalis,
1071 2711 1101 2765 ot
1130 2701 1361 2763 indictionibus.

250 2783 406 2863 Ejusmodi
422 2784 515 2860 igitur
537 2785 691 2846 Paschalia
715 2808 776 2846 non
791 2787 870 2847 nuda
893 2789 1014 2849 omnino
1029 2787 1170 2869 primitus
1184 2787 1268 2847 fuere
1285 2806 1365 2845 con-

251 2869 345 2927 fecta:
368 2868 421 2928 sed
442 2868 531 2928 iniis
553 2873 735 2951 praecipuae
757 2883 928 2954 temporum
951 2885 1040 2935 notae
1066 2894 1103 2935 ex
1123 2873 1214 2933 rebus
1234 2872 1363 2951 singulis

101 2974 103 2985 ’
153 2968 175 3021 Ρ
198 2967 235 3022 23
252 2954 336 3013 annis
360 2954 450 3031 gestis
478 2957 724 3034 apponebantur,
754 2980 815 3038 qua
838 2958 1008 3019 firmaretur
1027 2960 1130 3038 cyclos
1150 2968 1179 3017 et
1201 2958 1280 3017 diem
1300 2957 1363 3014 Pa-

250 3038 361 3099 schatis
374 3040 572 3116 investigandi
588 3042 764 3119 methodus,
785 3063 853 3103 cum
866 3044 898 3103 in
919 3045 957 3103 iis
974 3065 1034 3124 quo
1049 3044 1097 3104 die
1116 3044 1290 3106 solemnitas
1306 3043 1362 3101 illa

249 3125 358 3185 suisset
373 3125 521 3185 celebrata
536 3128 664 3189 subinde
681 3139 889 3204 annotaretur,
913 3133 995 3209 quod
1012 3150 1087 3211 prae
1109 3132 1234 3189 caeteris
1254 3126 1363 3187 testari

192 3253 195 3259 -
249 3211 393 3271 videntur
405 3211 498 3271 verba
516 3214 621 3285 leonis
638 3216 735 3293 Papae
748 3236 787 3275 ex
803 3216 937 3295 Epistola
959 3217 997 3275 ad
1011 3220 1163 3292 Augustos
1179 3213 1229 3292 1),
1252 3214 1304 3287 ubi
1320 3212 1362 3271 de

249 3295 412 3355 Panchate:
444 3293 529 3356 Unde
547 3297 706 3360 sollicitius
726 3303 861 3381 congruit
881 3299 938 3361 boc
959 3303 1084 3381 requiri,
1107 3316 1139 3359 ut
1155 3301 1250 3360 omnis
1267 3318 1362 3357 occa-

248 3383 294 3441 sio
320 3378 445 3440 tollatur
462 3385 578 3443 erroris.
623 3383 703 3442 Nam
725 3385 755 3443 in
776 3387 884 3446 nostris
904 3384 1093 3462 Annalibus,
1124 3399 1177 3446 xv.
1196 3378 1359 3443 Kalenda-

250 3488 314 3524 rum
336 3464 492 3526 Maiarum
511 3465 559 3529 tlie
578 3483 647 3548 apte
669 3490 689 3527 a
715 3468 852 3529 Patribus
880 3472 988 3529 nostris
1007 3472 1181 3531 constitutus
1204 3464 1311 3549 legitur
1330 3480 1359 3525 et

249 3547 420 3610 celebratus.
474 3551 658 3623 lmhnmsses
687 3555 815 3632 proinde
841 3556 1011 3616 referebant
1037 3556 1076 3614 ad
1103 3573 1196 3613 nnnos
1221 3552 1359 3627 singulos

249 3655 310 3714 quo
326 3635 374 3711 die
397 3636 600 3709 celebratum,
623 3640 672 3698 vel
695 3640 907 3700 celebrandum
930 3651 1008 3700 cssst
1032 3639 1162 3717 Pascha,
1186 3660 1219 3698 ea
1241 3640 1361 3699 scilicet

247 3719 310 3779 fere
323 3719 485 3796 methodo,
507 3743 566 3801 qua
584 3733 690 3783 auctor
709 3720 861 3786 Paschalis
879 3737 996 3786 centum
1014 3742 1161 3787 annorum
1176 3747 1193 3783 a
1207 3722 1358 3784 Bucherio

245 3804 365 3951 1spititus,
391 3806 426 3866 iu
444 3827 506 3887 quo
526 3809 617 3869 series
647 3811 811 3871 (lonsulum
840 3832 909 3889 cum
934 3813 1040 3872 diebus
1062 3810 1216 3873 Paschatis
1233 3808 1359 3871 descri-

268 3909 340 3950 sur.

107 4026 226 4091 unnim,
330 3984 457 4068 xxv'fl.
501 4010 569 4084 Quo
591 4011 888 4096 igiturl'aschalium
905 4017 1053 4096 ejusmodi
1067 3990 1278 4087 Coniectares,
1300 4030 1357 4069 seu

95 4097 235 4168 Paucdari,
248 4091 293 4151 uti
306 4103 456 4151 vocantur
470 4117 488 4153 a
501 4096 637 4156 Victoria
645 4146 654 4174 ,
675 4098 881 4182 Disputatares
891 4105 1070 4184 praecipuae
1082 4098 1278 4184 fistiuitatis,
1299 4096 1356 4157 fir-

283 4327 314 4394 1)
332 4327 419 4397 Epist.
436 4327 478 4382 57.
