2996 4898
422 316 468 386 IN
493 314 742 385 CHRONICON
765 312 983 384 resonata.
1193 309 1272 389 429

158 502 228 545 nem
251 481 296 559 εἰς
317 486 383 568 Σιιρ
384 482 436 547 1ιιν
464 482 572 549 scribit
592 458 815 564 Theophanes,
847 491 878 543 et
899 502 938 543 ex
961 500 996 541 eo
1017 482 1148 562 Symeon
1168 480 1271 563 Lago-

158 568 259 645 theta,
290 590 347 650 pro
366 507 412 644 εἰς
435 571 589 651 Ισιυρίαν
634 570 809 648 Anonymua
836 567 1029 627 Valesianus.
1057 568 1134 628 Huic
1149 569 1269 629 inediu-

159 657 241 716 hatur
255 653 439 730 Beretum
426 674 482 734 epse
494 674 601 734 pamm
616 653 749 715 Senator:
769 674 821 734 quo
839 656 945 731 cognita
959 652 1035 712 Zeno
1047 673 1106 713 sum
1118 654 1269 733 aliquantis

157 741 265 801 diuitiis
277 741 360 820 petiit
378 738 527 801 Isauriam.
572 737 683 800 Chron.
707 739 770 800 MS.
792 739 829 799 eh
857 726 976 798 Adamo
1003 738 1042 798 ed
1063 739 1192 798 Leonem
1211 740 1270 797 Sa-

157 828 311 907 piantem,
340 824 508 908 tempta
538 826 667 910 Innupta
694 825 739 899 εἰς
766 848 809 889 ιο
831 817 982 905 φρούριον
1008 818 1129 906 ὀχυρόν.
1179 823 1269 884 Hanc

156 911 285 973 Zenonis
307 912 416 989 fugem,
439 920 473 970 ut
496 919 526 971 et
546 887 678 972 reditum
689 911 837 995 respexit
858 908 1043 968 Ennodius'
1034 931 1067 968 ιιι
1082 908 1269 989 Panegyrico

157 998 241 1058 dieto
263 994 453 1056 Theoderico
477 997 565 1074 Regi
581 996 664 1100 pulsa
685 1002 724 1055 cst
744 996 873 1074 extempio
886 995 1050 1097 Pnacipatis
1066 996 1129 1054 urhe
1147 1015 1270 1055 reueren-

157 1086 218 1159 tia,
242 1086 317 1142 ethi
335 1101 454 1142 saeuam
468 1102 657 1162 passessionem
678 1082 753 1142 nulio
777 1087 879 1141 ascitus
893 1085 1165 1160 sangumetyrannus
1178 1101 1269 1141 acces-

157 1174 209 1246 sit,
232 1171 280 1247 qui
299 1167 367 1227 aulo
387 1171 512 1249 potitus,
530 1169 672 1248 definivit,
694 1175 836 1248 postquam
856 1173 926 1227 metu
947 1168 1033 1226 hostes
1046 1187 1107 1224 suas
1122 1166 1270 1227 debellave-

158 1260 219 1329 rat,
243 1250 353 1313 nihil
333 1273 465 1332 superesse
485 1242 558 1334 quod
577 1260 694 1332 gereret:
716 1274 775 1327 cum
797 1257 899 1312 animos
918 1258 978 1312 tuas
993 1256 1048 1312 sine
1063 1242 1193 1311 arrharum
1207 1249 1271 1331 suf-
1299 1320 1304 1345 ἱ
1374 1276 1378 1286 ·

1 1340 9 1364 ⁸
45 1362 48 1379 ·
152 1339 255 1419 fragia
275 1340 382 1419 impulit
401 1340 451 1398 lue
472 1346 605 1414 naturae,
626 1347 721 1399 neaut
734 1360 819 1398 causa
832 1339 1061 1398 meimrtecorom
1071 1338 1268 1416 positosuhja·

157 1430 244 1500 seed,
266 1431 317 1483 aut
341 1444 394 1484 nan
418 1426 571 1504 heneficium
582 1429 747 1485 rseccssstotis
762 1432 873 1504 tempore
887 1425 1026 1498 redderes,
1043 1423 1114 1503 guod
1126 1427 1204 1503 pacis
1218 1441 1267 1482 ac·
1350 1456 1374 1473 .

120 1504 125 1513 “
157 1528 275 1589 ceperas.
318 1507 355 1570 In
376 1513 444 1589 ipsis
465 1513 656 1588 congressionis
678 1517 742 1570 tuae
758 1511 870 1590 faribus
890 1514 968 1569 ausit
986 1513 1111 1584 invasor,
1134 1528 1268 1588 currspra-

152 1595 227 1675 sugo
238 1614 287 1673 per
299 1600 325 1655 te
342 1602 448 1675 sceptra
460 1597 650 1671 redderentur,
673 1597 706 1656 de
719 1597 808 1655 solute
823 1596 969 1655 dubitanti.
1013 1594 1059 1655 Ex
1082 1593 1193 1672 quibus
1215 1613 1269 1674 pa-

156 1688 202 1739 tet
220 1679 251 1738 in
275 1699 309 1738 ea
330 1681 524 1761 expeditione
554 1681 669 1741 Zenoni
699 1679 878 1741 auxiliatum
898 1678 1141 1758 Theodericum,
1168 1699 1274 1760 quan*

155 1762 322 1844 doquidem
353 1766 488 1826 restituti
516 1766 646 1827 Zenonis
675 1765 795 1825 laudern
821 1765 967 1844 integram
990 1765 1017 1824 ei
1038 1764 1185 1826 adscribit
1205 1765 1270 1824 En-

155 1849 282 1928 nodins;
310 1851 392 1930 quod
414 1860 518 1912 exerta
539 1851 640 1913 firmat
661 1851 836 1931 Anonymus
858 1851 1048 1925 Valesianus,
1068 1850 1123 1910 ubi
1148 1851 1187 1912 de
1208 1851 1270 1911 Ze-

94 1982 99 1987 .
154 1957 251 2008 nonas
274 1936 379 1997 Deinde
393 1941 466 2001 misit
479 1939 518 1997 ad
526 1936 675 1996 ‘civitatem
687 1934 808 2011 Nouam,
830 1940 859 1997 in
873 1957 927 2015 qua
941 1943 1000 1996 erat
1015 1936 1191 1996 Theodericus
1204 1935 1270 1996 Res

156 2023 303 2088 Gothorum
310 2022 393 2103 fih'us
411 2022 581 2098 Walameris,
603 2030 628 2082 et
643 2041 701 2081 eum
718 2026 748 2102 in
761 2022 887 2083 solatium
899 2024 954 2082 sihi
964 2023 1091 2082 adamus
1102 2020 1268 2087 Basiliscum

144 2109 291 2185 abjectam
311 2108 421 2167 mititem
442 2115 505 2188 post
527 2110 658 2168 biennium
675 2111 796 2183 reninis,
818 2108 936 2168 obsidens
954 2111 1091 2168 cecitatem
1111 2106 1268 2168 Corhtonti-

153 2193 275 2272 nopoiim.
304 2191 402 2254 Infra·
424 2194 500 2253 Zeno
512 2198 606 2273 stupae
618 2213 816 2295 recompensans
829 2196 962 2275 tenuistis
978 2193 1176 2273 Theodericum,
1192 2211 1269 2275 quern
1329 2264 1330 2271 ἵ

148 2279 223 2359 fecit
239 2278 391 2339 Patricium
410 2279 605 2354 cenosam,
627 2280 729 2339 donans
746 2299 770 2339 es
766 2279 886 2354 multu,
907 2286 956 2339 etc.

242 2362 316 2441 Peg
338 2367 410 2431 600
435 2367 484 2431 13.
527 2355 662 2441 Εὐθέως
679 2363 926 2466 προεχειρίσατο]
946 2365 1039 2424 Immo
1061 2362 1157 2425 invite
1177 2361 1269 2423 Veri·
1313 2357 1318 2365 “

154 2469 193 2508 na
214 2442 409 2511 Basiliscus
397 2471 459 2533 Jarn
482 2459 568 2511 antea
590 2453 646 2529 τῆς
667 2449 820 2529 βασιλείας
842 2443 973 2524 ἐκτόπως
993 2449 1090 2529 ἐρῶν,
1109 2459 1153 2513 ut
1167 2455 1268 2508 testa·
1367 2478 1371 2483 ⁴

152 2544 206 2595 tur
233 2535 400 2615 Procopius
429 2535 483 2597 lib.
510 2556 531 2595 1.
558 2534 716 2600 Vandalic.
744 2555 811 2615 cap.
832 2554 875 2595 vr.
906 2534 1078 2615 Imperator
1107 2533 1207 2594 dictus
1236 2541 1269 2594 et

153 2622 344 2681 renuntietur
373 2629 419 2682 est
447 2642 463 2681 e
492 2623 621 2698 Senatu,
651 2620 721 2682 cnm
749 2620 803 2680 illa
832 2640 974 2699 generum
1004 2640 1092 2680 snum
1116 2618 1269 2681 Zenonem

153 2725 210 2788 per
231 2700 399 2766 fraudem
389 2728 423 2769 ιιι
442 2707 545 2789 iugem
567 2707 692 2787 egisset,
715 2727 776 2788 quo
793 2707 957 2767 Patricium
974 2704 1164 2785 Magistrum,
1186 2722 1268 2786 qno-

153 2793 707 2874 cumconsueverat,ad1mperium
730 2780 929 2880 proveherets
960 2791 1002 2852 ita
1025 2789 1186 2853 Candidus
1232 2790 1282 2852 In·

155 2877 257 2956 Campo
278 2877 476 2941 acclamatum
497 2879 634 2941 scribunt
654 2873 832 2940 Theodorus
853 2880 980 2958 Lector,
1008 2874 1208 2960 Theophanes
1237 2883 1269 2939 et
1318 2906 1328 2949 1
1361 2944 1365 2951 ,

154 2960 320 3027 cedrenus

215 3047 313 3129 Peg
337 3053 482 3116 60017
513 3055 683 3130 Eussner
697 3046 748 3115 ein
768 3047 840 3116 uide
861 3044 959 3114 edroi
980 3046 1117 3127 Maiores
1138 3046 1183 3122 eie
1202 3051 1268 3111 Ba-

153 3131 255 3214 σιλέιι]
278 3133 372 3213 Atqui
394 3128 492 3214 primo
515 3138 681 3208 Caesarem,
703 3144 768 3196 tum
786 3137 1005 3218 Imperatorem
1025 3135 1121 3195 filium
1132 3134 1268 3194 Marcum
1290 3209 1301 3215 -

153 3219 232 3280 dixit
259 3219 438 3294 Basiliscus,
468 3230 506 3281 nt
536 3232 638 3283 exerte
670 3222 778 3281 scribit
799 3221 970 3280 Candidus:
999 3220 1081 3301 quod
1106 3218 1194 3279 etiam
1214 3229 1268 3281 te-

0 3354 1 3365 .
51 3320 54 3325 '
150 3314 273 3367 utantur
294 3298 431 3367 Basilisci
451 3306 556 3367 literae
578 3305 662 3388 apud
685 3305 846 3383 Evagrium
866 3305 920 3366 lib.
942 3325 991 3367 ιιι.
1016 3324 1084 3385 cap.
1102 3324 1147 3365 ιι.
1385 3374 1403 3390 f
1439 3370 1446 3377 ,

149 3425 152 3431 ’
239 3390 618 3477 Pag.600.19·1hhoo
647 3385 764 3472 μόνον]
801 3390 1013 3464 Marcellinus,
1049 3387 1205 3450 Victorius
1228 3395 1268 3451 et

152 3470 295 3537 Senatorr
327 3478 382 3538 liic
417 3477 447 3541 V.
478 3475 510 3541 0.
538 3477 599 3540 ca.
626 3475 733 3537 Victor
756 3476 854 3536 Tuan.
876 3476 944 3537 Post
966 3474 1025 3536 Cas.
1046 3475 1156 3535 Armati
1182 3473 1212 3532 V.
1235 3471 1269 3536 0.

151 3561 220 3626 Vnt.
251 3562 368 3644 Inscrip
370 3572 393 3624 t.
420 3582 487 3626 m
517 3567 548 3630 6.
577 3563 610 3624 P.
633 3562 664 3625 0.
685 3566 746 3624 iter.
767 3563 877 3623 Amsati
902 3562 932 3622 V.
955 3561 986 3623 0.
1007 3559 1109 3635 Itium,
1135 3558 1267 3620 hornen-

102 3726 107 3735 *
152 3647 220 3708 des:
256 3651 382 3727 Ithoria,
410 3647 601 3726 Damascius,
628 3646 769 3709 Melchus
798 3657 831 3708 et
856 3647 1034 3747 Theodorus
1065 3604 1177 3706 Lector
1203 3664 1268 3707 ro-

152 3742 666 3901 ωηιΡαζ.601.1οΛρμάΜ]
696 3816 757 3892 Qui
778 3815 857 3891 ideae
878 3810 1007 3897 daturae
1026 3766 1164 3878 Basilisci
1185 3814 1268 3877 dici-

150 3912 204 3965 tur
224 3901 405 3985 Theophani
428 3921 538 3967 en.·.111
560 3905 673 3973 Zenon.
697 3903 777 3964 unde
799 3903 962 3987 Basiliapus
986 3903 1109 3979 Caesar,
1131 3901 1268 3986 ejusdem

150 3989 269 4053 ermari
298 3989 397 4069 filius,
434 3968 565 4052 Verinee
593 3984 747 4071 Augustae
776 3965 977 4115 ἕξιὶδελφος
972 3982 1069 4050 eidem
1089 3949 1268 4072 Theophani

150 4038 656 4242 ιὶωιαι11)(ιιὲοῃ0013.Οιιιιιὸσιις
677 4154 775 4235 εἷς
740 4183 774 4224 ιο
797 4154 886 4244 eyter
907 4152 1080 4241 Bdrcuope]
1101 4157 1192 4220 Hand
1212 4138 1267 4217 eh⁴

17 4292 20 4297 .
139 4244 266 4324 ¹simile
271 4243 394 4307 omnino
423 4254 641 4306 sacramentum
664 4254 805 4324 exegerat
830 4244 1018 4306 hreobindus
1040 4244 1179 4323 Magister
1205 4242 1266 4301 mi-

151 4330 241 4393 litum
262 4332 370 4394 missm
389 4329 424 4390 in
446 4329 578 4395 Africam
601 4329 639 4393 ab
660 4328 848 4392 Iustiniano-
872 4350 942 4391 oum
966 4324 1044 4393 enim
1066 4350 1083 4390 a
1106 4325 1267 4419 Gonthari,
