3026 4900
280 315 358 390 870
549 362 553 371 ·
714 311 959 379 NOTAE

281 480 469 545 Constantini
494 498 561 561 cop.
581 498 631 541 ιι.
658 479 792 541 scribens
818 489 880 541 tras
902 478 967 561 sjm
987 477 1068 539 filios
1090 476 1183 539 sarda
1201 477 1388 558 temporibus

282 577 438 631 consonas
470 586 533 628 esse
561 565 656 627 iactos
681 565 818 647 Imperii:
843 586 880 627 sc
909 565 1135 625 Constantinum
1163 563 1284 643 quidem
1309 565 1389 625 circs

283 675 399 717 annum
426 651 550 734 Imperii
569 672 601 712 x.
631 653 839 712 Constantium
867 651 947 711 circa
969 671 1020 715 xx.
1043 651 1236 711 Constantem
1259 649 1389 729 denique

242 805 245 810 ,
283 761 363 802 anno
381 759 456 799 m
499 736 583 797 Unde
611 748 696 818 patet
713 736 831 797 haecce
853 735 996 798 chronici
1016 735 1110 796 verba
1132 735 1327 813 intelligenda
1353 734 1390 794 de

283 823 479 900 Constantio,
502 820 607 902 quiin
631 822 834 882 vicennalibus
856 824 964 883 Caesar
984 822 1085 881 dictus
1106 820 1211 880 luerit:
1234 820 1319 900 quod
1339 819 1391 879 vi.

284 921 352 971 ctor
373 908 581 989 Sobotti·post
603 909 734 970 delatum
755 908 901 975 Licinium
922 909 1036 968 factum
1057 906 1173 980 scribit,
1195 927 1259 984 quo,
1280 905 1390 983 inquit,

281 1002 436 1075 tenpestate
462 994 618 1055 contorto
640 998 745 1073 insigne
773 995 896 1054 Coram
924 995 1032 1054 datum:
1057 991 1239 1053 Themistins
1261 1010 1336 1051 vero
1358 990 1392 1049 in

284 1081 369 1142 Orat.
397 1079 431 1140 in
458 1079 703 1156 Constantinum,
732 1100 772 1155 ex
799 1100 859 1158 qun
879 1090 966 1160 pater
985 1079 1092 1138 urbem
1115 1075 1392 1156 Constantinopoli-

285 1176 385 1227 tansm
416 1165 509 1229 muris
534 1165 744 1227 circumdedit.
789 1165 876 1243 Certq
898 1165 1027 1240 ldatius,
1057 1166 1106 1223 cni
1128 1162 1262 1223 concinit
1288 1163 1391 1222 Enoe-

285 1253 353 1313 bius
370 1250 402 1313 in
424 1249 593 1328 Chronico,
617 1250 824 1312 Constantium
847 1249 901 1332 (ita
923 1251 1002 1311 enim
1023 1251 1081 1327 leg.
1102 1271 1158 1329 pro
1181 1244 1391 1324 Constantino)

283 1339 419 1399 levatum
436 1337 592 1397 Caesarem
612 1357 655 1398 rr.
677 1337 723 1398 ld.
745 1337 908 1398 Novembr.
927 1346 996 1417 post
1017 1335 1129 1397 bellum
1152 1333 1391 1412 Hadrianopoli-

286 1433 391 1483 tanum
414 1432 444 1482 et
466 1420 728 1498 Calchedouonae,
756 1422 864 1502 Crispo
886 1443 933 1485 ιιι.
956 1432 987 1482 et
1009 1420 1207 1480 Constantino
1229 1439 1278 1481 ιιι.
1308 1419 1391 1482 Coss.

286 1509 416 1587 Prosper
438 1516 536 1566 sutem
559 1509 670 1569 Severo
689 1517 720 1566 ot
746 1507 853 1568 Rufino
881 1508 962 1569 Coae.
987 1505 1123 1565 tradunt:
1153 1505 1283 1585 proinde
1312 1523 1390 1563 anno

287 1610 359 1670 une,
381 1592 430 1651 val
450 1591 572 1652 biennio
595 1602 663 1653 ante
680 1593 851 1654 *vicennalia
875 1592 1076 1667 Constantini,
1098 1591 1174 1651 adeo
1197 1600 1230 1649 ut
1253 1590 1291 1649 do
1312 1610 1390 1648 anno

288 1697 349 1757 qno
372 1677 565 1738 Constantius
586 1680 694 1738 Caesar
715 1679 815 1739 dictus
837 1688 882 1739 est
908 1699 970 1747 non
998 1678 1120 1737 omnino
1150 1684 1286 1736 constet:
1317 1685 1390 1734 um

286 1763 344 1823 etsi
365 1762 397 1821 id
419 1773 576 1844 peractum
602 1758 684 1845 oippl
710 1762 767 1844 mlo
794 1759 1040 1843 einoonerqpsaolo
1067 1758 1256 1844 πανήγυριν,
1286 1771 1323 1820 ut
1350 1761 1391 1818 ait

286 1848 443 1910 Eusebius.
489 1851 528 1909 lt
557 1870 628 1909 cum
655 1851 793 1910 Aurelius
822 1850 928 1910 Victor
957 1849 1069 1908 scribat
1097 1849 1307 1906 Constantium
1336 1866 1392 1925 per

287 1954 382 1995 annos
402 1955 454 1997 xv.
478 1935 651 1996 Caesaream
673 1936 847 2014 dignismom
868 1936 1017 2011 tenuisse,
1048 1933 1151 2015 potior
1171 1932 1294 1992 videtur
1316 1932 1391 1990 Pro-

286 2019 369 2099 speri
392 2022 550 2095 sententia,
575 2020 627 2099 qui
648 2021 780 2082 levatum
803 2021 956 2082 Caesarem
978 2018 1072 2080 tradit
1096 2021 1207 2079 Severo
1229 2028 1263 2078 et
1283 2016 1391 2076 Rufino

286 2105 373 2167 Coss.
394 2125 473 2164 anno
494 2067 611 2164 scilicet
631 2104 741 2166 Christi
762 2107 879 2184 vulgari
901 2126 1046 2166 (ιιιιιιιι.

375 2193 446 2267 Pag·
468 2191 542 2256 525.
566 2180 616 2256 11.
660 2192 847 2274 Elaoooarqp
849 2190 917 2270 tto]
939 2189 1112 2251 Vicennalls
1133 2187 1325 2247 Constantini
1343 2187 1390 2247 Ni

288 2268 549 2344 somniassem,
580 2278 884 2355 etsequentianno,
912 2278 1038 2348 Rornae,
1061 2274 1167 2334 scribit
1192 2272 1370 2334 Eusebius
1360 2293 1391 2331 ιιι

288 2358 400 2422 Chron.
424 2371 454 2420 et
475 2381 513 2420 ex
534 2381 570 2420 eo
592 2362 730 2461 Prosper.
773 2363 887 2421 ldstius
914 2383 985 2422 vero
1007 2363 1118 2420 Rornae
1140 2359 1291 2418 duntaxat
1311 2357 1390 2419 edita

153 2522 156 2529 Δ
185 2459 193 2469 ·
286 2456 440 2514 memorat,
463 2445 515 2506 cui
536 2446 671 2508 concinit
691 2447 750 2507 boc
772 2447 957 2507 Chronicon:
977 2446 1125 2525 siquidem
1145 2464 1203 2524 pro
1227 2464 1305 2505 voce
1319 2439 1390 2525 ὅρα,

268 2550 369 2612 ¹quas
387 2531 464 2592 nihil
485 2541 588 2608 sonat,
617 2528 727 2619 Ροίμῃ,
752 2530 838 2612 quod
857 2534 924 2593 vult
945 2532 1080 2593 Holsten.
1103 2529 1323 2629 reppnaturst

375 2621 446 2695 Pae
467 2618 614 2684 526.15·
663 2623 731 2680 Toiv
753 2616 1039 2702 Adpsooossoisroiv]
1067 2616 1164 2677 Has
1154 2616 1285 2693 insignes
1309 2615 1391 2673 Con-

287 2701 413 2761 stantini
438 2702 580 2763 victorias
606 2702 640 2762 in
670 2703 864 2764 Consulatum
891 2704 988 2784 Crispi
1010 2723 1057 2763 ιιι
1080 2711 1110 2763 et
1132 2700 1322 2761 Constantini
1345 2720 1391 2760 ιιι.

284 2796 372 2847 recte
398 2789 512 2848 referre
537 2788 684 2867 ldatium,
711 2810 773 2850 non
795 2809 867 2850 vero
889 2790 922 2848 in
945 2808 1056 2849 sonum
1086 2797 1278 2866 sequentem,
1303 2787 1392 2845 colli-

288 2881 363 2949 gons
383 2872 443 2932 viri
464 2872 549 2933 docti
570 2893 608 2933 ex
630 2875 698 2953 Leg.
711 2894 733 2934 1.
757 2874 829 2935 eod.
852 2874 966 2935 Theoti
989 2874 1026 2933 de
1049 2873 1213 2946 Veteranio,
1234 2873 1295 2932 lata
1317 2872 1392 2931 Pan-

286 2956 351 3015 lino
380 2966 411 3018 at
437 2957 555 3016 Julisno
583 2959 664 3019 Coss.
708 2959 737 3018 ls
757 2979 832 3020 vero
855 2960 893 3020 de
913 2962 962 3021 die
982 2958 1266 3038 Hadnanopolitani
1287 2957 1392 3038 praelii

287 3060 358 3099 oum
386 3040 446 3101 lanc
474 3041 624 3103 Chronico
653 3060 716 3103 non
745 3046 911 3122 consentit,
941 3062 1029 3125 quem
1058 3064 1088 3105 v.
1106 3045 1195 3106 ¹Non.
1220 3044 1281 3105 tol.
1299 3044 1390 3104 luisse

223 3127 232 3153 '
288 3125 340 3186 ait.
384 3127 477 3188 latius
501 3138 658 3215 praetores
688 3130 874 3198 Constantini
895 3131 1039 3192 victoriae
1060 3129 1196 3191 meminit
1215 3129 1391 3209 anonymus

286 3209 482 3291 Volusianus,
511 3223 631 3307 praeter
660 3216 821 3277 Eusebium
848 3218 911 3280 lib.
924 3238 956 3279 ιι.
986 3217 1025 3285 (10
1053 3216 1121 3276 Vita
1145 3216 1300 3277 Constant.
1324 3234 1389 3295 cap.

89 3382 91 3386 ,
175 3308 273 3368 vtes
288 3316 365 3358 nvn.
387 3300 441 3361 abi
463 3296 665 3361 consulendus
687 3298 831 3378 Valesius,
853 3314 883 3364 et
908 3304 946 3362 stl
968 3301 1096 3363 eundem
1110 3302 1306 3405 Anonymum
1320 3301 1389 3361 bas-

286 3384 394 3446 miano
409 3385 575 3467 subjectum
597 3404 665 3468 pag.
687 3386 759 3453 489.
779 3409 802 3449 1.
824 3387 897 3449 edit.

375 3474 444 3550 Peg·
466 3474 538 3540 625.
562 3478 611 3538 16
656 3472 891 3561 Καλχηδονίων]
914 3472 965 3533 sio
984 3472 1186 3554 reposuimus,
1208 3490 1279 3531 curn
1298 3488 1389 3551 prosa

286 3554 400 3617 editum
422 3568 499 3617 esset
519 3559 749 3638 Kopuqdoaino.

375 3643 540 3719 Par-525.
564 3644 613 3708 17.
658 3642 818 3735 Κρίσπον]
846 3643 891 3704 De
919 3638 998 3707 anno
1029 3643 1129 3704 caedis
1152 3639 1251 3721 Crispi
1272 3637 1388 3699 dissen-

286 3722 367 3784 tiunt
397 3706 558 3804 Historici,
594 3748 684 3808 quern
706 3726 891 3809 expandunt
925 3748 999 3810 prae
1033 3728 1158 3789 caeteris
1185 3726 1317 3804 Scaliger
1351 3723 1389 3785 sd

288 3805 401 3872 Chron.
423 3811 558 3890 Eusebii,
586 3814 865 3877 Patavinorum.
887 3832 952 3895 rap.
974 3834 1037 3874 xm.
1059 3824 1088 3874 st
1111 3810 1330 3873 Gottlsofredus
1352 3808 1389 3869 sd

286 3890 481 4038 philostorgii
507 3898 778 3980 lib.11.oap.1v.
807 3911 837 3961 et
862 3903 895 3960 1ιι
917 3899 1118 3979 Chronologio
1140 3896 1263 3958 Codicis
1288 3895 1388 3957 Theo·

310 3997 344 4038 os

153 4062 158 4073 .
375 4067 447 4143 Peg
469 4063 540 4134 625
565 4071 614 4135 19.
662 4070 713 4152 Tei
734 4062 820 4155 adop
840 4066 916 4150 ἔτει]
942 4067 1175 4150 Hieronymus
1164 4084 1197 4127 ιιι
1223 4064 1386 4125 Cbronioos

286 4145 388 4210 Edicto
410 4150 582 4214 Constantem
599 4130 740 4232 genitium
761 4131 828 4237 tesisp
829 4158 862 4215 lo
879 4174 968 4216 mereo
989 4165 1059 4217 sust.
1092 4156 1186 4216 lmmo
1201 4154 1296 4233 oleoso
1311 4149 1388 4210 dnn·

285 4243 391 4312 taxat,
426 4245 462 4299 nt
486 4237 565 4300 infra
593 4248 782 4304 annotamus.
806 4178 915 4304 Pbdde
940 4245 1140 4303 sozomenum
1168 4239 1222 4303 lils.
1250 4258 1287 4298 ιι.
1321 4255 1386 4316 esp·

284 4334 337 4384 xv
362 4281 418 4386 sic
