2992 4894
513 320 824 391 PRAEFATIO.
1176 334 1226 409 49

122 507 250 579 uterque
265 495 471 579 persequiturr
492 516 527 555 sc
542 495 670 577 scriptor
683 497 802 576 quidem
816 496 966 561 Paschslis
983 499 1140 580 chronici,
1163 512 1229 564 turn

23 594 24 598 ’
123 584 155 644 in
175 584 279 644 lustris
303 582 425 642 Julianis
446 600 499 641 seu
520 580 766 664 Olympiadibus,
795 594 858 644 tum
878 587 911 644 in
937 585 1173 666 Indictionibus,
1195 590 1228 649 in

123 671 232 749 quibus
255 669 338 728 nulla
351 667 422 727 ideo
445 676 526 727 certe
544 668 609 727 erui
629 678 730 748 potest
744 669 990 750 temporisuota,
1014 683 1225 754 praeterquam
1241 684 1266 739 V
1282 685 1316 744 31

120 755 151 814 in
174 755 211 814 iis
237 774 313 833 quae
331 752 368 811 ab
387 752 515 833 imperio
538 752 722 813 Constantini
747 755 865 814 initium
886 754 1019 832 ducunt,
1049 759 1102 817 ubi
1121 761 1227 839 paullo

121 840 294 899 accuratior
311 837 415 898 haberi
429 847 536 897 auctor
549 837 648 897 videri
661 850 777 919 potest,
799 840 869 901 licet
887 838 1052 902 incaeteris
1069 863 1123 903 sua
1137 845 1228 907 laude

119 925 240 985 minime
257 933 372 999 careat,
395 943 429 983 ac
452 922 485 982 in
509 922 548 982 iis
564 926 693 985 manium
709 945 785 1004 quae
798 945 837 986 ex
851 926 986 1007 probatis
1000 929 1158 1008 minusque
1175 950 1228 991 no.

120 1011 161 1072 tis
175 1009 374 1089 scriptoribus
390 1008 494 1068 refert.
538 1008 732 1091 Quapropter
757 1010 788 1070 id
811 1012 1065 1092 operaepretium
1083 1011 1229 1075 adhiben-

121 1096 191 1155 dum
212 1095 373 1170 duximus,
395 1102 430 1152 ut
450 1092 549 1153 hiatus
558 1137 569 1169 ,
597 1115 650 1155 seu
666 1095 842 1156 omissiones
859 1097 890 1156 in
907 1098 1069 1157 Consulum
1085 1099 1162 1160 serie
1184 1100 1231 1160 le-

122 1180 198 1241 ctori
217 1180 442 1254 indicarentur,
462 1198 501 1238 ne
525 1179 597 1238 dum
618 1182 730 1240 cursim
751 1182 859 1241 librum
882 1183 1011 1261 evolvit,
1032 1183 1130 1243 nullas
1154 1204 1228 1262 esse,

122 1267 354 1344 cordubamque
376 1263 483 1324 seriem
500 1274 582 1324 recle
615 1286 647 1326 se
669 1265 780 1326 hahere
806 1266 964 1329 existimet.
1015 1269 1054 1329 Ut
1078 1286 1169 1348 porro
1194 1270 1228 1329 id

123 1350 289 1413 evidentius
314 1349 467 1427 advertat,
495 1350 689 1430 Olympiades
714 1351 862 1432 lphiteas,
890 1373 1052 1431 earumque
1076 1374 1169 1414 annos
1189 1354 1229 1414 ad

122 1437 198 1495 latus
221 1435 408 1514 singulorum
431 1435 665 1513 consulatuum,
694 1458 732 1497 ex
756 1438 915 1516 Peucinio,
943 1438 1094 1518 Scaligero
1115 1448 1146 1500 et
1162 1439 1229 1499 aliis

113 1521 310 1595 addidimus,
332 1530 368 1580 ut
383 1521 482 1580 statim
498 1522 653 1600 utriusque
669 1523 856 1603 Olympiadis
870 1523 1030 1584 discrimen
1044 1523 1144 1604 quivis
1158 1545 1228 1606 per-

122 1606 219 1686 cipiat.
265 1606 379 1665 Harum
393 1615 490 1666 autem
510 1617 636 1684 quartus
654 1627 751 1667 annus
768 1609 829 1669 fere
849 1629 965 1689 semper
983 1610 1015 1669 in
1034 1609 1165 1690 primum
1180 1611 1230 1669 lu-

122 1693 178 1753 stri
198 1690 312 1751 Juliani
334 1691 457 1769 incidit,
487 1693 541 1751 ubi
559 1695 735 1772 praesertim
747 1692 889 1753 Chronici
911 1694 1043 1774 scriptor
1058 1695 1230 1755 accuratior

123 1798 186 1838 csse
200 1777 310 1857 incipit
331 1779 363 1834 in
384 1777 461 1838 serie
486 1778 665 1852 Consulum,
687 1789 718 1839 et
738 1779 792 1838 ubi
807 1780 908 1840 nullos
924 1780 1048 1855 omittit,
1070 1789 1105 1837 ut
1118 1779 1155 1837 ab
1171 1770 1249 1838 lua-¹

121 1863 207 1944 perio
229 1860 417 1922 Constantini
436 1862 546 1941 Magni.
597 1863 727 1923 Proinde
755 1873 791 1923 ut
818 1865 911 1924 series
932 1867 1047 1942 integra
1067 1864 1254 1949 Consulum,

122 1947 172 2009 hic
198 1947 388 2029 reperiatur,
420 1947 648 2027 praetermissos
678 1939 804 2009 subinde
839 1949 1036 2022 inseruimus,
1074 1948 1232 2008 minutiori

124 2033 318 2112 caeteroquin
340 2030 513 2093 charactere
533 2033 720 2117 descriptos,
742 2033 851 2114 quibus
869 2044 898 2095 et
912 2055 1005 2094 annos
1020 2033 1108 2094 Urbis
1126 2033 1231 2093 condi·

123 2127 184 2189 tae,
220 2129 250 2178 et
278 2137 366 2177 aerae
392 2117 576 2178 Christianae
605 2121 720 2200 pariter
748 2119 955 2200 praefiximus,
993 2139 1054 2199 quo
1084 2129 1232 2199 perpetua

126 2204 214 2262 etiam
229 2222 373 2262 annorum
395 2203 487 2262 series
507 2204 660 2264 Chronico
679 2206 778 2263 lucem
803 2204 1019 2267 accommodet.
1062 2204 1233 2266 Publicavit
1304 2216 1305 2221 ’

125 2306 223 2366 nuper
252 2288 293 2348 V.
318 2288 351 2347 C.
382 2289 532 2349 lleuricus
562 2289 733 2348 Dodwellus
752 2290 856 2348 Festos
877 2290 1054 2348 Consulares
1083 2288 1121 2346 ah
1152 2308 1231 2348 anno

126 2371 240 2433 Christi
267 2393 417 2435 cxxxvm.
447 2392 525 2451 quos
545 2371 674 2433 Theonis
697 2373 892 2433 Alexandrini
920 2393 985 2432 esse
1007 2372 1173 2447 existimat,
1200 2374 1233 2431 in

125 2477 254 2538 quorum
273 2458 420 2519 laterculo
432 2457 645 2519 describuntur
664 2458 734 2518 anni
749 2457 785 2517 ab
801 2456 974 2517 Alexandro
990 2466 1021 2517 et
1035 2454 1071 2514 ab
1086 2457 1232 2533 Augusto,

124 2555 280 2624 praeterea
304 2552 426 2624 epactae
448 2560 501 2605 seu
524 2543 691 2605 embolismi
718 2553 749 2603 et
774 2544 1008 2626 respuerapldeg,
1034 2560 1087 2600 seu
1115 2539 1234 2620 singula

126 2629 341 2708 quadriennis,
364 2638 466 2689 notata
482 2651 538 2711 per
554 2640 686 2709 quatuor
703 2629 821 2709 priores
839 2627 999 2708 Alphabeti
1015 2625 1134 2701 literas,
1155 2645 1233 2705 quo·

124 2734 198 2774 rum·
210 2724 339 2796 quartus
361 2735 456 2775 annus
477 2735 594 2793 semper
613 2715 725 2774 desinit
745 2714 778 2774 in
793 2717 921 2791 primum
946 2712 1035 2773 lustri
1051 2710 1176 2786 iuliani,
1199 2719 1234 2771 ut

126 2799 324 2881 Olympiades
339 2800 473 2880 lphiteae
497 2802 530 2861 in
547 2799 696 2860 Chronico
719 2798 855 2859 Paschali
882 2807 911 2858 et
931 2797 1085 2872 idatiano,
1108 2795 1233 2857 adeunt

114 2884 191 2956 ¹illas
213 2885 365 2964 designari
388 2885 549 2945 admodum
571 2885 726 2968 probabile
746 2885 787 2945 sit
800 2883 849 2963 ¹):
878 2884 950 2944 licet
971 2882 1020 2943 vir
1040 2880 1233 2941 doctissimus

19 3030 21 3037 ,
126 2972 236 3031 scribat
250 2970 332 3030 hauc
353 2972 575 3054 smpomnplda,
596 2992 657 3030 nou
677 2990 735 3050 pro
753 2990 796 3029 rv.
812 2989 959 3030 annorum
977 2965 1155 3042 intervallo,
1177 2966 1233 3025 sed

45 3095 48 3103 ·
125 3075 181 3135 pro
204 3065 291 3121 sexta
311 3057 498 3136 Epagomena
522 3055 695 3116 intercalari
722 3054 824 3133 quarti
845 3054 991 3135 cujusque
1017 3050 1089 3111 arani
1108 3050 1235 3131 propria

125 3141 248 3221 intelligi
267 3141 386 3201 debere.
414 3140 512 3214 -Quid
536 3152 635 3201 autem
657 3141 842 3219 intelligatur
868 3136 1060 3220 ἐπαγομένων
1079 3156 1155 3197 voce
1170 3154 1233 3195 non

46 3287 49 3295 ,
128 3243 189 3286 uno
202 3228 273 3288 loco
291 3226 382 3287 docet
397 3226 569 3306 Scaligerin
580 3227 667 3289 libris
680 3225 719 3286 de
731 3225 946 3288 Emendatione
960 3233 1139 3304 temporum.

211 3397 277 3456 XL.
319 3397 426 3457 Festos
449 3417 466 3456 a
487 3393 606 3456 Labbeo
627 3395 740 3472 editos,
768 3396 805 3454 ab
831 3394 959 3475 ipsomet
979 3390 1076 3451 Idatio
1101 3387 1273 3456 conseri-1>
1290 3404 1325 3460 35

128 3488 196 3560 ptos
206 3481 295 3561 jure,
317 3484 441 3563 opinor,
464 3489 565 3540 censet
588 3479 778 3551 sirmondus,
800 3500 861 3539 non
883 3476 1014 3559 quadiu
1035 3473 1140 3535 eodem
1156 3473 1399 3560 duniacum

127 3573 213 3625 taxat
233 3567 354 3643 codice,
384 3567 472 3627 idatii
496 3566 628 3647 ejusdem
654 3564 806 3625 Chronico
828 3563 1042 3644 subjiciantur,
1072 3560 1126 3619 sed
1151 3543 1381 3641 quodldmffl'·

128 3670 230 3711 rerum
254 3662 284 3712 et
303 3654 466 3716 verborum
487 3650 520 3710 in
541 3662 671 3731 utroque
693 3670 784 3732 opere
798 3649 926 3710 affinitas
939 3658 968 3708 et
982 3646 1137 3725 cognatio,
1158 3656 1194 3704 ut
1206 3654 1237 3705 et

129 3736 306 3816 scriptionis
319 3739 404 3799 color
418 3747 449 3799 at
463 3737 566 3816 gmina
580 3737 708 3808 eundern
722 3737 879 3814 utriusque
894 3744 1047 3794 auctorem
1061 3731 1152 3789 luisse
1164 3730 1237 3789 satis

129 3822 304 3882 ostendant:
336 3823 456 3883 tametsi
478 3822 612 3882 auctoris
632 3842 741 3882 nornen
760 3823 878 3881 nullum
896 3820 1046 3899 praeierat
1066 3815 1237 3894 Inscriptio,

130 3925 209 3985 quae
224 3906 273 3968 his
287 3909 387 3969 verbis
409 3908 452 3989 ibi
473 3917 619 3987 concepta
639 3916 702 3968 estc
724 3903 897 3967 Declerotio
920 3899 1096 3973 Consulum,
1118 3920 1159 3958 eac
1178 3921 1237 3981 quo

128 3991 258 4071 primum
275 3989 407 4052 ordinati
423 4007 499 4057 suar.
543 3992 714 4054 Procedant
735 4012 829 4071 porro
851 3989 883 4049 hi
907 3989 987 4048 Fasti
1014 3985 1052 4046 ad
1072 3983 1238 4043 secundum

132 4093 229 4154 usqne
244 4075 392 4138 Anthemii
405 4078 617 4155 Consulatum,
638 4077 730 4137 idest
747 4077 786 4137 ad
806 4098 839 4138 ea
853 4085 1008 4154 tempora,
1031 4070 1139 4151 quibus
1161 4066 1240 4128 vixit

167 4344 199 4412 ι)
216 4343 285 4397 Vide
302 4345 448 4415 syncellum
465 4363 492 4417 p.
508 4347 570 4401 512.

178 4422 327 4478 weston
348 4424 474 4484 Posohole
494 4426 546 4481 aab
568 4426 605 4479 ll.
1011 4408 1033 4472 4
