3016 4898
460 351 664 422 CHROMCI
682 351 914 423 mortuus.
1171 348 1250 427 225
1300 369 1301 373 ’

135 523 155 562 *
173 520 320 582 deductas
348 528 487 602 epactas,
516 528 546 580 et
576 518 703 599 adjectis
732 519 866 599 ejusdem
896 518 967 579 enni
994 521 1245 584 concurrentibus
1269 538 1282 563 ²
1297 535 1413 593 manc„

135 608 217 680 auis,
247 616 406 686 augmenta
436 605 528 665 latius
555 626 592 665 ae
618 605 740 666 brevius
764 607 863 665 omnis
890 606 1246 684 argumentaPaschelia

136 694 315 755 calculabis.
358 693 425 752 Hoc
445 700 723 771 tamen-praeterea
744 692 852 752 lectori
872 692 912 752 sit
932 692 1104 769 cognitum,
1128 695 1246 772 quoties
1334 712 1336 715 ·
1458 704 1459 707 ’

136 782 173 840 in
195 789 344 859 utrosque
365 798 481 838 menses
504 797 596 859 supra
625 777 753 855 scriptos
781 778 814 836 in
842 778 939 857 prima
953 779 1069 855 ,regula
1098 781 1247 858 contingit

138 875 176 926 ut
197 864 346 926 deductas
371 864 643 944 epectas'amplius
670 883 687 922 a
707 882 785 922 xxx.
807 873 998 938 remaneant,
1031 864 1147 924 dimitte
1168 885 1245 945 xxx.

140 951 234 1025 Quod
255 951 280 1010 si
302 970 380 1009 uuus
400 959 452 1009 out
474 950 536 1009 duo
557 969 611 1009 seu
623 949 753 1031 amplius
767 950 989 1029 superfuerint,
1010 958 1058 1009 tot
1071 949 1135 1009 dies
1152 950 1248 1030 ipsius
1270 1017 1273 1023 ⁴

138 1038 252 1097 mensis
274 1059 290 1095 a
312 1036 457 1095 Kalendis
479 1035 512 1094 fit
536 1037 607 1094 luna
630 1034 781 1099 Paschalis
802 1057 884 1097 xurr.
924 1033 1053 1111 Quando
1074 1047 1175 1095 autem
1190 1036 1248 1095 de-

139 1123 248 1181 ductas
277 1130 398 1200 epactae
425 1123 504 1182 infra
532 1142 609 1195 xxx,
638 1131 673 1181 ut
700 1129 775 1202 puta
796 1142 852 1184 xx.
881 1141 933 1183 seu
955 1121 1084 1200 amplius
1111 1122 1249 1182 minusve

137 1208 359 1283 remanserint,
384 1209 456 1267 item
486 1217 534 1267 tot
562 1202 628 1267 dies
654 1208 764 1267 mensis
786 1229 803 1267 a
824 1211 900 1273 Kal·
916 1209 1052 1269 occurrit
1072 1208 1143 1274 luna
1166 1228 1247 1267 xtttt.

137 1293 302 1356 Paschelis.
348 1293 480 1353 sienim
503 1294 651 1353 deductas
672 1302 792 1374 epactas
814 1314 891 1356 xxx.
917 1303 1016 1354 tamen
1038 1294 1247 1368 remanserint,

139 1380 222 1460 quod
245 1378 339 1438 semel
368 1379 401 1437 in
430 1380 533 1453 decem
556 1389 585 1437 et
606 1399 684 1438 vnn.
708 1379 794 1439 annis
813 1381 959 1441 accedere
980 1381 1172 1441 manifestum
1194 1389 1249 1456 eat,

136 1487 214 1527 xxx
235 1464 286 1525 die
309 1487 326 1524 a
347 1465 476 1528 Kalend
497 1466 556 1526 erit
577 1467 648 1524 luna
671 1460 822 1526 Paschalis
842 1487 923 1527 11111.
999 1478 1002 1489 '

605 1720 808 1741 v--u-n-B—-u—-u

578 2044 580 2049 ,
618 1914 773 2079 ΧΠ..
920 2020 922 2024 1
1267 1980 1361 2037 vsas
1476 2009 1479 2013 J

1191 2108 1195 2117 ·
1249 2085 1291 2137 Er
1308 2084 1419 2138 Petusio

185 2090 570 2237 susurretur
603 2150 988 2236 sunscouuu
1023 2140 1178 2234 Auni
1248 2155 1418 2209 usn...

1185 2216 1195 2252 ι

132 2299 186 2359 ΕΤ
222 2299 286 2361 ΕΑ
312 2299 395 2375 Qut
428 2301 573 2360 UTITUR
612 2268 773 2361 AUCTOR
805 2297 1017 2359 Ptscttttts
1054 2232 1328 2359 CHRONlCl.tmp
1321 2225 1392 2280 ...⁰3

227 2486 471 2548 Christianorum.
495 2488 617 2569 quidem
646 2496 808 2558 veterum,
841 2483 894 2566 qui
922 2505 960 2545 ex
985 2505 1061 2547 cxx.
1090 2478 1250 2546 seniorum

136 2573 324 2633 auctoritate
342 2576 447 2634 mundi
469 2585 607 2655 tempora
631 2575 837 2652 digesserunt,
866 2572 1026 2651 opiniones
1050 2581 1121 2631 sunt
1142 2574 1252 2631 admo·
1272 2610 1279 2641 ς
1381 2636 1386 2643 ,

137 2660 213 2719 dum
236 2658 365 2718 variae.
392 2656 613 2721 Pdateriorihus
642 2660 771 2719 saeculis
806 2657 844 2717 ad
864 2659 937 2717 'duo
966 2657 1017 2716 vel
1046 2658 1104 2717 tria
1135 2659 1253 2737 fastigia

138 2744 239 2807 omnis
265 2745 320 2803 illa
349 2744 509 2806 diversitas
538 2748 633 2807 abiit.
675 2746 782 2823 ltaque
815 2744 933 2822 triplex
964 2743 1150 2803 Graecorum
1182 2766 1252 2804 aera

138 2830 337 2890 celebratur.
368 2830 467 2891 Prima
490 2842 536 2892 est
558 2853 634 2911 quae
660 2832 707 2891 ab
715 2831 807 2890 initio
823 2850 924 2890 rerum
938 2829 976 2889 ad
992 2831 1122 2890 natalem
1137 2826 1262 2913 Christix

137 2924 231 2998 putat
252 2937 346 2975 annos
368 2917 468 2988 5498.Ι
484 2921 617 2978 secunda
639 2939 717 2978 auno
745 2904 862 2977 mundi
871 2914 966 2982 6501
990 2918 1117 2976 eundem
1140 2937 1253 2977 annum

123 3001 283 3079 assignat.
327 3002 427 3062 Tertia
449 3024 527 3063 anno
551 3007 644 3070 5509
688 3005 842 3063 Postrema
865 2999 940 3061 haee
962 3003 1097 3062 omnium
1115 3003 1254 3063 celeber
1344 3042 1349 3057 .

137 3088 234 3162 rima,
257 3108 322 3167 qua
340 3088 671 3168 Constantinopolitano
695 3089 846 3162 Ecclesia,
868 3087 957 3166 eique
979 3088 1132 3168 subjectae
1149 3106 1273 3148 omnes*

137 3184 281 3233 utuntur.
325 3174 430 3252 ltaque
451 3175 483 3233 in
506 3174 617 3234 Codice
637 3174 719 3234 luris
732 3174 896 3234 Orientalis
909 3172 1131 3252 Imperatorum
1153 3174 1254 3233 edicta
1350 3238 1353 3247 Ι

133 3258 200 3318 hac
232 3279 301 3319 aera
337 3252 561 3338 consignantur.
620 3260 697 3318 Tum
729 3258 965 3318 Alexandrinum
997 3257 1185 3331 Chronicon,
1218 3280 1253 3319 ac

131 3345 252 3403 Graeci
274 3344 404 3424 denique
425 3346 606 3413 recentiores
629 3345 721 3407 illam'
734 3344 892 3404 adhibent:
915 3344 1080 3403 secundam
1104 3343 1252 3420 Georgius

137 3429 325 3507 Monachus,
348 3430 567 3510 Theophanes,
584 3429 799 3510 Nicephorus,
817 3439 847 3489 st
868 3437 940 3491 ante
960 3427 1017 3487 hos
1041 3431 1166 3487 Sanctus
1182 3430 1250 3487 Ma·

136 3517 241 3576 ximus
272 3516 438 3575 Monachus
466 3525 638 3596 usurpant,
674 3537 765 3595 quarn
790 3515 924 3574 Africani
953 3513 1071 3592 antiqui
1093 3514 1250 3592 scriptoris

138 3621 206 3661 ease
229 3603 327 3681 capite
352 3602 501 3681 superiori
522 3602 663 3661 diximus.
689 3602 818 3661 Primam
836 3610 935 3659 eutem
956 3599 1128 3659 Pauodorus
1145 3598 1252 3679 degy..

136 3689 225 3769 ptius
247 3687 430 3765 Monachus,
462 3688 514 3767 qui
538 3687 666 3747 Arcadio
689 3686 857 3767 imperante
876 3685 977 3762 vixit,
1007 3686 1167 3766 amplexus
1190 3696 1251 3758 est:

136 3782 190 3847 et,
211 3782 247 3832 ut
269 3774 417 3847 arbitror,
440 3774 524 3833 illius
546 3783 653 3832 auctor
674 3772 740 3833 fuit.
783 3772 872 3830 Hunc
895 3775 974 3829 enim
1000 3771 1146 3848 Georgius
1168 3774 1252 3851 Syn.-

137 3817 237 3919 uellus
257 3861 351 3919 refert
372 3880 450 3919 anno
473 3860 579 3918 mundi
602 3859 695 3933 6493
717 3867 820 3916 natum
844 3877 1030 3917 asseverasse
1044 3856 1211 3921 Christum.

227 3945 265 4004 Et
284 3944 396 4004 horum
418 3945 510 4006 trium
533 3944 765 4004 intervallorum
786 3943 938 4020 origines,
948 3946 997 4001 et
1019 3945 1050 4003 in
1077 3945 1113 4002 iis
1136 3943 1251 4037 ᾶίιριιι-

137 4028 243 4089 tendis
265 4031 427 4108 Scaligeri‚
466 4038 497 4089 et
518 4030 649 4095 aliorum
670 4039 767 4101 errata
788 4029 1015 4110 patefaciamus.
1058 4029 1130 4088 Tria
1152 4016 1251 4107 quae'·¹

138 4116 242 4175 dam
233 4114 351 4175 millis
377 4115 644 4176 animadvertenda
663 4123 753 4175 suut.
799 4115 930 4173 Primum
953 4133 1099 4174 annorum
1120 4115 1251 4187 initium,

139 4200 228 4280 quod
255 4201 307 4261 alii
335 4200 373 4260 ab
403 4209 566 4277 autumno,
601 4201 652 4260 alii
682 4222 697 4259 a
729 4220 802 4259 vere
830 4209 938 4278 putare
966 4220 1060 4259 ennea
1088 4193 1249 4275 incipiunt.

139 4287 295 4365 Alterum,
317 4286 431 4347 Natalis
454 4284 582 4362 Christi,
603 4286 635 4346 in
656 4306 747 4364 quem
769 4284 905 4345 velutin
928 4300 1118 4344 communem
1143 4282 1250 4342 termi-

139 4391 216 4433 num
240 4374 376 4453 computi
396 4373 442 4431 illi
462 4370 624 4433 desinente
644 4373 787 4449 tertium,
806 4369 964 4453 cyclorum
986 4369 1176 4429 characteres
1195 4387 1250 4429 au·

191 4480 340 4538 mansas
356 4480 483 4539 ranan
504 4483 557 4537 sor.
572 4481 610 4536 ιι
657 4467 660 4473 ’
800 4551 806 4562 Ι
1001 4471 1043 4538 15
