2944 4896
479 373 680 440 CHRONICI
705 375 933 442 PASCHALIS.
1073 448 1080 457 l
1199 380 1270 450 101

179 608 182 616 ι
253 536 395 596 Omnium
416 546 514 596 autem
536 532 668 599 liliorum
689 539 923 602 Semhabitatio
945 551 989 601 est
1011 563 1027 600 a
1050 543 1153 604 Bacris
1173 552 1271 625 usque

168 621 403 697 Rhinocoruris,
434 642 510 701 quae
536 624 646 685 dividit
667 628 783 704 Syriam
807 638 837 686 et
860 627 1051 707 Aegyptum,
1080 639 1110 689 et
1134 630 1271 692 Rubrum

165 728 250 767 mare
267 708 304 767 ab
320 730 370 768 ore
384 708 542 785 Arsinoes,
565 731 641 787 quae
664 722 706 770 est
723 712 832 774 indiae.
1316 739 1317 742 ¹

252 792 317 852 Hae
332 802 401 855 sont
417 802 516 854 autem
531 815 605 872 quae
622 805 692 855 sunt
707 797 803 857 factae
821 817 858 857 ex
873 795 919 856 his
936 796 1061 857 Gentes:
1083 797 1194 860 Hebrei
1218 802 1272 882 qui

165 877 288 954 ludaei,
311 879 434 952 Persae,
458 878 554 953 Medi,
579 881 704 958 Poenas,
728 883 862 954 Arriani,
885 881 1024 959 Hircani,
1047 883 1177 962 Assyrii,
1193 885 1270 965 Indi,

167 963 325 1040 Macardi,
353 963 479 1038 Parthi,
513 966 676 1039 Germani,
701 967 861 1046 Helymei,
885 969 1007 1043 Cessai,
1031 968 1144 1028 Arabes
1167 972 1269 1050 primi,

166 1048 331 1125 cedrusii,
345 1052 474 1128 Scytae,
492 1050 714 1128 Arabesultra,
738 1055 893 1133 Sapientes
907 1053 958 1134 qui
977 1054 1119 1127 dicuntur
1134 1054 1271 1134 Gymno-

165 1133 288 1194 sotistae
300 1134 375 1193 nudi
387 1135 542 1214 sapientes.

252 1218 405 1301 Habitatio
420 1228 519 1279 autem
532 1240 635 1280 eorum
651 1243 743 1300 usque
758 1223 945 1282 llinocorura
965 1232 993 1282 et
1008 1223 1121 1285 Cilicis.

252 1304 313 1378 Qui
328 1315 428 1364 antem
444 1324 548 1365 eorum
565 1316 714 1366 noverunt
728 1308 860 1384 litteras,
881 1304 925 1368 hii
940 1319 1029 1370 sunt:
1052 1309 1173 1385 ludaei,
1198 1311 1269 1372 Per·

164 1410 228 1466 sae,
250 1388 349 1464 Medi,
371 1389 511 1464 Chaldei,
534 1391 619 1469 ludi,
642 1391 768 1472 Assyrii.
833 1409 835 1417 '

251 1476 418 1535 [latentem
435 1474 582 1537 habitatio
597 1494 716 1550 eorum,
739 1478 769 1537 id
786 1490 830 1539 eat
843 1478 975 1538 filiorum
993 1480 1075 1554 Sem,
1097 1481 1129 1538 in
1145 1480 1268 1558 longum

163 1559 288 1642 quidem
302 1560 340 1619 ab
353 1561 438 1623 lndia
460 1581 557 1642 usque
576 1563 779 1625 Rinocorura:
800 1566 861 1624 lata
878 1575 977 1627 autem
993 1586 1009 1624 a
1025 1564 1147 1625 Perside
1161 1575 1189 1625 et
1207 1568 1268 1625 Ba·

164 1647 240 1706 ctn's
257 1666 352 1725 usque
367 1645 491 1707 Indiam.

250 1731 407 1792 Vocabula
429 1742 529 1792 autern
561 1732 691 1809 gentium
717 1731 791 1790 haec
817 1742 901 1792 sunt:
936 1734 1060 1807 Persis,
1081 1734 1268 1812 Bactrianae,

151 1818 330 1891 Histania,
352 1817 526 1896 Babylona,
549 1814 712 1894 Corbulia,
735 1817 881 1896 Assyria,
904 1819 1136 1898 Mesopotamia,
1160 1819 1269 1880 Arabia

161 1913 273 1975 vetus,
297 1901 452 1977 Alimales,
481 1901 584 1977 India,
608 1902 717 1961 Arabis
740 1903 925 1979 eudaemon,
949 1903 1148 1982 coelessyria,
1173 1904 1269 1964 Com-

161 2008 302 2069 magena,
324 1997 354 2046 et
366 1988 507 2067 Fynicis,
532 1998 666 2066 quaeest
684 1987 814 2048 liliorum
830 1989 907 2075 Sem.
1064 2052 1066 2059 ,

250 2074 360 2132 Gentes
383 2082 480 2132 autem
497 2092 574 2151 quas
593 2073 711 2150 linguas
727 2095 795 2134 suas
817 2072 950 2148 habent,
970 2071 1028 2132 hae
1049 2082 1134 2134 sunt:
1158 2072 1270 2141 Hebrei

161 2159 216 2237 qui
239 2169 269 2218 et
290 2157 409 2233 ludaei,
432 2157 565 2236 Assyrii,
590 2158 749 2232 Chaldaei,
773 2161 898 2235 Persae,
925 2158 1024 2234 Medi,
1047 2158 1178 2232 Arabes,
1201 2159 1267 2225 Ma,-

161 2245 252 2317 dian,
273 2243 466 2318 Adiabenici,
488 2242 607 2317 Toleni,
629 2243 838 2320 Alamosanni,
861 2243 1024 2319 Saraceni,
1041 2244 1134 2322 Magi,
1158 2244 1268 2323 Caspii,

162 2329 290 2404 Albani,
313 2322 404 2403 Indi',
429 2325 588 2406 Aethiopes
600 2370 609 2401 ,
635 2328 794 2406 Aegyptii,
815 2328 942 2406 Libyes,
959 2326 1086 2402 Chetei,
1110 2329 1268 2402 Cananaai,

161 2414 316 2490 Ferezaei,
338 2412 451 2488 Burei,
476 2410 632 2489 Gergesei,
654 2412 808 2489 Jebusaei,
827 2411 962 2488 Idumei,
983 2410 1163 2485 Samaritae,
1186 2414 1266 2474 Foe-

159 2499 264 2574 nicss,
285 2499 373 2579 Syri,
396 2498 519 2571 Cilices,
542 2495 741 2572 Tharsenses,
756 2498 970 2578 Cappadoces,
988 2497 1138 2574 Armenii,
1151 2497 1270 2574 Hibeni,

160 2584 302 2660 Librani,
335 2588 462 2663 Scytae,
493 2582 616 2653 Colchi,
650 2583 758 2659 Sanni,
789 2582 996 2664 bosphorani,
1019 2582 1137 2660 Asiani,
1157 2582 1271 2643 Hisauv

161 2672 292 2745 riensas,
310 2671 463 2749 hycaones
471 2712 482 2741 ,
493 2668 639 2748 Pysidae,
654 2669 792 2744 Galatae,
811 2668 1130 2747 Paflagones,.Fryges
1141 2713 1150 2746 ,
1163 2667 1271 2745 Achai,

160 2754 319 2831 Thessali,
342 2753 557 2828 Machedones,
579 2754 707 2829 Traces,
729 2753 826 2833 Mysi,
848 2755 947 2827 Bessi,
972 2753 1123 2831 Dardani,
1149 2754 1271 2823 Sarma·
1325 2816 1330 2825 ,

162 2853 228 2911 tae,
255 2841 414 2916 Germani,
445 2839 597 2911 Pannoni,
625 2841 754 2916 Peones,
783 2840 902 2917 Norici,
935 2838 1101 2912 Dalmatae,
1131 2839 1268 2916 Romani,
1285 2848 1308 2901 P
1325 2846 1378 2904 416

160 2928 264 3008 quiet
281 2926 394 2999 Latini,
417 2925 557 3003 Ligures,
582 2925 675 3000 Galli,
699 2925 750 3004 qui
768 2935 798 2985 et
811 2926 928 2998 Celtae,
950 2923 1110 3003 Aquitani,
1131 2924 1269 3002 artioni,

160 3012 288 3091 Hispani
307 3011 358 3090 qui
375 3020 404 3070 at
417 3010 553 3090 Tyrreni,
576 3011 694 3085 Mauri,
717 3011 890 3087 Baccuatas,
912 3020 942 3070 et
953 3010 1135 3086 Massennas,
1157 3010 1288 3082 Catuli·

160 3098 230 3160 Afri
246 3097 342 3177 quiet
358 3095 520 3171 Barbares,
543 3095 665 3156 Mazicei
674 3139 683 3170 ,
707 3097 920 3174 Garamantes,
943 3098 996 3175 qui
1012 3104 1042 3154 et
1056 3094 1269 3171 Marmoredae,

162 3184 218 3264 qui
237 3202 333 3260 usque
352 3176 548 3260 Aethiopiam
557 3181 773 3244 extenduntur.
1317 3184 1319 3189 ’

250 3267 457 3329 Necessarium
472 3275 570 3325 autam
587 3265 695 3346 putavi
711 3276 741 3326 et
754 3263 987 3328 inhabitationes
1003 3264 1145 3324 Gentium
1168 3271 1198 3323 et
1215 3282 1270 3322 co-

160 3353 400 3434 gnominationes
419 3350 574 3411 declarari.

250 3439 396 3520 Incipiam
410 3446 508 3497 autem
522 3436 558 3495 ab
574 3434 715 3501 Oriente:
731 3436 888 3494 Persarum
904 3442 934 3493 et
948 3430 1104 3495 Medorum
1117 3429 1270 3491 inhabita-

161 3537 246 3586 tores
261 3523 367 3585 Parthi
383 3530 413 3585 et
424 3522 542 3582 vicinam
551 3531 657 3599 gentes
675 3523 757 3599 pacis
772 3518 998 3598 usqueSyriam
1012 3518 1104 3576 coele.

252 3609 384 3671 Arabum
396 3607 613 3669 inhabitatores
628 3606 741 3667 Arabes
756 3605 965 3686 Eudemones:
987 3601 1047 3663 hoc
1057 3602 1136 3664 enim
1149 3599 1270 3661 nomiae

136 3696 368 3777 *appellantur
487 3753 490 3761 ,
1362 3761 1364 3767 Ι

234 3779 360 3880 ‘Arabia
390 3777 576 3840 Eudemones
602 3775 818 3838 Chaldaeorum
848 3772 1065 3837 inhabitatores
1094 3769 1268 3850 Mesopota-

160 3885 243 3928 mem

245 3912 484 4011 Medianensium
505 3945 719 4007 inhabitatores
741 3944 995 4026 cynedocolpitae
1022 3952 1050 4002 et
1065 3900 1272 4018 Troclodytae

163 4047 198 4097 et
213 4035 393 4116 icthyofagi.
509 4061 520 4070 -·

103 4106 107 4117 ,
252 4123 437 4182 Graecorum
461 4127 559 4178 sutem
581 4127 683 4195 gentes
715 4127 746 4176 et
774 4115 920 4174 vocabula
944 4132 972 4172 v.
1004 4112 1106 4188 lones,
1129 4104 1270 4182 messes,

163 4209 270 4282 Baeti,
297 4204 397 4279 Aeoli,
420 4204 563 4264 Lacones.

77 4284 80 4285 ⁷
252 4292 371 4351 Horum
384 4287 602 4350 inhabitatores
618 4284 741 4349 luerunt
752 4281 891 4359 Pontici,
911 4280 1017 4352 Bitini,
1032 4279 1144 4351 Troes,
1160 4273 1270 4350 Asiani,

169 4378 237 4443 Cari
246 4423 255 4454 ,
279 4376 378 4457 Legii,
394 4373 526 4452 Pamiili,
542 4374 677 4454 Cyrinei,
697 4383 726 4435 et
743 4371 861 4432 Insulae
876 4366 997 4448 plures,
1019 4361 1052 4443 id
1066 4369 1112 4422 est
1126 4360 1272 4441 Cyclades
