2992 4894
275 291 325 362 60
542 276 751 344 ANALYSIS
773 274 1113 344 CHBDNOLOGICA

273 454 398 536 beriip.
420 448 493 519 217.
514 449 544 515 si.
565 452 694 532 ideoque
716 471 826 513 sunum
848 470 912 510 esus
925 458 978 518 20
998 453 1043 514 bis
1058 459 1238 532 numerstp.
1257 448 1331 516 225
1352 459 1384 509 ιι

274 544 347 608 229
370 538 595 617 Caliguleetum
609 546 752 612 mortem,
774 555 850 615 quse
866 538 1028 599 seeundum
1043 537 1120 598 hano
1134 534 1382 618 supputationem

274 623 426 685 incidebat
441 634 505 684 tum
523 623 555 683 in
569 644 646 683 enno
668 622 707 681 M
723 581 815 686 5547.
834 622 926 682 refert
948 644 1034 683 enno
1049 624 1090 687 M
1106 624 1198 691 5548.
1215 642 1247 702 p·
1239 623 1335 684 230
1352 617 1381 683 b.

273 709 382 771 Indict
404 713 432 775 8.
461 710 566 788 sicque
593 718 639 768 ιιι
659 704 924 767 ιιιιιιιιιιιοιιιιιιιιιι
952 707 1043 788 hujus
1061 710 1131 768 snni
1157 718 1187 768 et
1206 706 1378 780 continuus,

274 795 328 856 ssd
347 815 439 854 snnos
460 795 572 855 Gelbes
595 803 625 852 et
648 802 842 872 tyrsnnorum
867 793 1024 854 confundit
1045 815 1113 854 cum
1130 792 1237 853 ultimo
1250 789 1379 850 Neronis

275 879 423 961 usquead
440 879 544 941 finem·
567 879 668 957 itaque
684 876 877 938 censendus
867 898 899 937 sn
916 878 976 939 hoo
991 879 1141 979 Chronico
1154 877 1267 938 Tiberii
1281 894 1378 936 sunus

274 971 325 1032 28
346 986 407 1025 non
423 971 474 1031 22
496 974 530 1024 ut
546 964 612 1024 dieo
626 964 713 1025 infre.

359 1049 583 1113 Existimetur
574 1069 607 1108 sn
626 1048 685 1109 hoc
701 1046 850 1111 Chronico
865 1047 1000 1113 Christus
1016 1059 1105 1110 nutus
1118 1069 1196 1109 enno
1219 1051 1269 1114 16.
1291 1044 1379 1124 cycli

274 1137 640 1217 Luneris1.p.199.o.
681 1134 757 1193 Nem
786 1134 841 1195 etsi
868 1134 910 1194 ibi
933 1136 1054 1195 dubiem
1083 1135 1242 1195 lectionem
1263 1129 1376 1205 notavi,

273 1220 459 1281 hseetsmen
474 1221 562 1279 tectio
583 1217 824 1280 confirmeturex
837 1239 872 1280 eo
897 1222 1015 1303 quodp
1017 1220 1113 1288 215.
1130 1243 1156 1282 c.
1172 1239 1266 1279 annus
1282 1215 1378 1276 Chri-

274 1307 313 1366 sti
325 1312 374 1371 32.
391 1315 586 1386 comparetur
597 1325 664 1363 oum
679 1305 769 1383 Cyclo
790 1306 900 1365 Luners
915 1312 945 1372 9
967 1306 1104 1385 sequitur
1122 1305 1200 1367 enim
1221 1303 1292 1364 inde
1308 1300 1377 1382 pri-

273 1410 356 1451 mum
368 1410 477 1451 annum
493 1410 662 1471 comparere
655 1389 780 1449 deberi
799 1410 867 1450 oum
882 1391 973 1469 Cyclo
987 1396 1036 1457 16.
1059 1411 1120 1451 non
1137 1392 1187 1457 15.

358 1477 550 1536 Existimetur
563 1478 634 1535 item
651 1474 788 1535 Christus
803 1485 889 1540 natus
904 1477 997 1557 Cyclo
1012 1477 1102 1537 solari
1121 1481 1171 1542 19.
1193 1494 1263 1533 nem
1279 1491 1375 1532 sunus

274 1559 385 1621 Christi
399 1567 451 1627 32.
469 1572 661 1665 eomparatur
683 1581 754 1626 cnm
768 1562 860 1641 Cyclo
880 1563 969 1623 solari
988 1567 1038 1629 22.
1061 1557 1134 1622 ibid.
1128 1583 1178 1644 .p
1192 1564 1265 1629 216
1277 1581 1308 1620 o.
1330 1557 1377 1617 11

272 1646 332 1706 lius
344 1656 443 1706 eutem
461 1648 545 1727 Cyels
561 1667 638 1706 snno
655 1652 705 1713 32.
721 1655 803 1706 retro
817 1657 885 1706 ante
900 1647 957 1708 fuit
974 1652 1023 1713 19.

357 1733 422 1792 Etsi
437 1753 497 1795 non
513 1732 693 1815 exprimitur
708 1732 740 1790 in
752 1730 811 1791 hoe
825 1730 974 1795 Chronico
992 1733 1045 1833 qui
1067 1731 1127 1791 sint
1142 1751 1212 1790 snns
1203 1726 1376 1791 Bisssxti-

272 1815 318 1876 les
325 1818 457 1897 ,colligi
473 1828 572 1878 temen
586 1827 686 1897 potest
698 1838 735 1877 ex
753 1817 895 1877 methodo
911 1839 971 1898 qua
991 1818 1022 1876 in
1049 1838 1085 1877 eo
1104 1816 1220 1877 feriae
1211 1813 1377 1874 inveniun-

161 1936 164 1942 ·
272 1911 337 1961 tur:
366 1922 436 1962 nem
459 1924 537 1962 snno
557 1904 644 1983 cujus
665 1904 739 1963 feris
761 1902 938 1982 indagetur,
965 1913 1013 1963 tot
1034 1902 1187 1962 adduntur
1214 1900 1279 1961 dies
1300 1906 1374 1996 quot

270 1986 406 2047 Bissexte
430 1989 625 2064 trensiernnt,
648 1988 739 2067 gquod
767 1998 895 2048 vocetur
922 1996 1029 2068 quarte
1048 2009 1120 2067 pers
1144 1986 1216 2047 enni
1236 1983 1373 2064 quaesiti.

272 2071 347 2130 Cum
360 2070 453 2151 igitur
466 2075 501 2133 ab
515 2074 567 2133 illo
586 2093 663 2130 anno
675 2082 786 2152 ‘quarte
805 2083 890 2152 perte
910 2083 1015 2134 exacte
1037 2072 1129 2132 eximi
1142 2079 1261 2152 potest,
1282 2069 1326 2128 sic
1339 2077 1374 2127 ιιι

270 2156 373 2216 nullus
393 2174 536 2218 uumerus
555 2158 701 2238 supersit,
730 2157 816 2237 cujus
835 2168 944 2237 quarta
963 2180 1034 2239 pers
1057 2154 1167 2217 deduci
1182 2176 1244 2215 non
1264 2162 1372 2234 potest,

269 2241 324 2300 illo
341 2264 418 2301 enno
431 2244 604 2304 'Bissextum
620 2251 679 2319 est,
698 2243 779 2301 utin
795 2263 872 2303 enno
888 2244 956 2304 Chr.
972 2249 1023 2309 31.
1046 2243 1098 2322 qui
1115 2251 1159 2302 est
1172 2261 1268 2301 annus
1283 2259 1372 2298 mun-

267 2325 300 2386 di
313 2325 407 2394 5536.
430 2339 536 2408 quarta
558 2349 629 2408 pers
650 2328 732 2389 illius
753 2330 870 2389 numeri
884 2330 976 2397 5536.
992 2338 1037 2388 est
1059 2325 1151 2394 1884.
1174 2347 1250 2407 quae
1264 2334 1309 2384 est
1322 2327 1373 2383 in-

266 2420 349 2490 tegre
371 2422 401 2472 et
416 2415 512 2473 solide
529 2435 598 2491 pars
616 2423 722 2492 quarta
743 2413 824 2473 illius
840 2416 956 2474 numeri
971 2414 1064 2479 5586.
1108 2414 1151 2472 De
1165 2433 1201 2471 eo
1216 2410 1295 2472 enim
1309 2429 1372 2467 nu-

266 2517 349 2556 mero
372 2499 465 2563 5536.
492 2497 566 2557 nihil
590 2498 719 2578 emplius
748 2497 943 2559 dividendum
970 2505 1125 2578 superest,
1163 2497 1217 2557 sed
1240 2504 1372 2577 quotuor

265 2581 384 2645 numeri
408 2584 501 2648 1884.
522 2582 686 2642 conficiunt
710 2592 812 2642 exscte
830 2585 918 2644 illum
940 2603 1099 2643 numerum
1123 2582 1216 2650 5586.
1267 2581 1372 2658 Itaque

265 2666 318 2725 ille
346 2686 441 2729 annus
469 2667 673 2748 proculdubio
698 2668 865 2730 Bissestilis
897 2680 951 2729 est.
1001 2668 1125 2742 Quoties
1155 2688 1229 2728 vero
1256 2667 1371 2741 integre

267 2759 373 2831 queste
387 2773 456 2831 pers
477 2752 546 2812 suni
566 2752 693 2832 quaesiti
713 2754 804 2814 eximi
824 2755 944 2834 nequit,
966 2763 997 2815 et
1015 2754 1053 2812 ds
1071 2753 1125 2811 ilio
1145 2774 1223 2812 suno
1237 2750 1372 2831 quaesito

267 2835 376 2915 sliquis
390 2857 532 2898 numerus
545 2849 700 2917 superest,
722 2840 819 2917 quiin
835 2849 964 2917 quatuor
977 2838 1071 2898 dividi
1088 2859 1148 2898 non
1161 2846 1276 2918 potest,
1298 2846 1372 2895 tuuc

265 2921 319 2980 ille
337 2942 431 2980 annus
453 2944 515 2982 non
541 2933 585 2982 est
607 2925 790 3000 Bissextilis,
825 2934 856 2984 et
878 2942 1020 2985 numerus
1046 2923 1236 2983 indivisibiiis
1257 2921 1373 2982 indicet

267 3014 379 3085 quotus
398 3009 455 3068 ille
472 3028 565 3068 sunus
585 3009 623 3069 sit
644 3010 830 3084 sBissext03
858 3010 884 3069 si
903 3010 981 3070 enim
999 3019 1136 3090 superest
1149 3027 1257 3084 uuum,
1282 3006 1372 3066 dstur

266 3090 390 3168 intelligi
409 3093 494 3152 illum
516 3113 624 3154 sunum
645 3094 775 3175 primum
799 3114 863 3154 esse
886 3117 903 3154 s
924 3096 1078 3170 Bissexto,
1098 3093 1157 3153 hoo
1172 3103 1216 3154 est
1230 3093 1373 3172 ptoxime

174 3188 197 3242 Ρ
214 3186 249 3246 43
265 3186 439 3254 sequentem
456 3179 639 3255 Bissextum,
661 3182 687 3239 ιι
700 3181 761 3239 duo
780 3192 955 3259 supersunt,
978 3201 1042 3241 esse
1059 3180 1242 3253 seeundum,
1265 3179 1291 3237 si
1303 3177 1371 3254 tris,

266 3262 406 3339 tertium,
425 3284 577 3343 nunquam
591 3286 663 3326 vero
679 3273 809 3343 quatuor
823 3276 999 3345 supersunt,
1021 3265 1091 3344 quis
1105 3275 1235 3343 quatuor
1247 3265 1280 3323 in
1294 3283 1371 3343 qus-

266 3356 337 3407 tuor
349 3368 404 3427 per
418 3351 562 3409 unitatem
575 3350 671 3410 dividi
685 3359 829 3429 possunt,
851 3360 986 3430 tuncque
1000 3362 1044 3410 est
1057 3351 1235 3410 Bissextum.
1279 3347 1371 3410 Verbi

265 3431 359 3510 grstia
375 3446 445 3512 post
457 3436 542 3495 illum
555 3456 665 3495 annum
680 3437 772 3501 5536.
798 3435 848 3514 qui
864 3446 908 3496 est
923 3436 1098 3508 Bissextilis,
1119 3435 1256 3514 sequitur
1274 3454 1370 3493 sonus

264 3517 371 3576 mundi
386 3520 479 3587 5587.
502 3521 589 3602 cujus
602 3531 708 3600 quarta
722 3540 792 3599 pers
809 3532 853 3581 est
867 3521 938 3583 item
953 3519 1045 3586 1384.
1066 3531 1100 3580 ιιι
1114 3530 1179 3581 eret
1192 3520 1261 3578 enni
1276 3521 1370 3585 5536.

263 3603 323 3663 Sed
345 3603 383 3663 ds
404 3610 453 3671 37.
475 3616 610 3685 superest
630 3626 709 3666 unus
731 3626 889 3682 numerus,
916 3606 972 3684 ‘qni
990 3606 1021 3665 iu
1043 3615 1172 3684 quatuor
1189 3604 1288 3664 dividi
1306 3624 1369 3663 non

262 3698 377 3768 potest,
407 3699 436 3749 et
457 3690 525 3751 ideo
553 3691 668 3751 indicet
692 3690 778 3749 illum
808 3712 918 3775 qnnum
941 3692 1073 3770 primum
1095 3712 1159 3752 esse
1181 3711 1199 3750 ιι
1218 3691 1368 3750 Bissexto.

261 3773 312 3832 Sic
334 3773 404 3833 enni
422 3777 574 3855 sequentis
594 3777 687 3841 5538.
710 3785 817 3853 quarta
835 3797 907 3856 pere
927 3775 999 3836 item
1020 3787 1065 3836 est
1082 3776 1173 3843 1884.
1196 3774 1250 3835 sed
1265 3775 1303 3834 de
1315 3777 1367 3840 38.

262 3857 323 3917 dno
343 3871 504 3940 supersunt
516 3860 724 3935 indivisibilis,
746 3881 821 3940 quae
839 3862 976 3922 indicent
992 3863 1079 3923 illum
1099 3881 1209 3923 annum
1233 3880 1297 3920 esse
1316 3878 1367 3919 se·

261 3945 394 4005 cundum
410 3967 426 4004 ι
440 3946 594 4021 Bissexto,
616 3947 695 4005 sicut
709 3946 781 4005 snni
793 3947 888 4012 5539
911 3958 1018 4024 quertn
1037 3948 1109 4008 item
1127 3966 1197 4028 pers
1212 3956 1257 4006 est
1275 3941 1366 4011 1384.

259 4028 313 4087 sed
334 4029 625 4109 desumpserunt
646 4031 703 4091 tris
712 4051 818 4111 ,quse
840 4032 973 4093 indicant
991 4033 1081 4093 illuns
1099 4053 1209 4093 anuum
1223 4051 1288 4091 esse
1301 4040 1367 4089 ιιι-

259 4113 334 4172 tium
345 4136 361 4173 ιι
371 4114 520 4190 Bissexto,
528 4127 556 4175 et
565 4116 608 4175 ite
617 4116 703 4176 etiem
713 4126 843 4181 vocetur
854 4116 904 4177 hie
914 4141 984 4200 pag.
994 4123 1066 4184 221.
1073 4119 1175 4201 τρίτου
1188 4112 1297 4190 &suff
1281 4137 1367 4187 ouvoo

260 4220 333 4277 peso
324 4193 532 4273 τόΒίσεξτον.
554 4202 664 4261 Τιίιιιιι
677 4210 777 4262 sutem
788 4202 839 4262 ille
849 4203 1114 4263 numerusindioet
1127 4204 1215 4263 etiem
1225 4202 1283 4262 diei
1293 4220 1365 4291 qna.

261 4282 382 4344 dientes
402 4286 617 4366 praecessisse,
647 4287 690 4348 sio
713 4296 747 4348 ut
766 4286 799 4348 iu
817 4308 896 4349 enno
917 4289 1054 4370 sequenti
1072 4290 1223 4370 quadrent
1243 4282 1365 4348 ultimus
