2944 4896
383 345 612 461 ‘CHRONlcl
629 346 858 417 assentiis.
1033 332 1042 345 '
1125 351 1196 422 iis

625 677 679 763 V.

221 822 302 921 ux
341 845 621 922 nnsisnii
663 844 1064 928 cneouicis.

177 1050 316 1131 Expletis
345 1073 363 1111 a
390 1050 504 1112 mundo
530 1052 654 1115 condito
683 1053 768 1113 annis
789 1074 820 1117 v.
836 1075 892 1119 im.
919 1076 989 1116 num
1021 1056 1195 1120 hominibus

84 1146 289 1219 conversatus
311 1147 357 1198 est
380 1137 523 1197 Dominus
546 1149 666 1214 noster,
689 1139 862 1203 incarnatus
883 1143 1050 1202 exsenatu
1072 1143 1195 1224 Virgine
1249 1200 1257 1215 ,

83 1222 206 1294 Maria,
243 1243 279 1282 ao
299 1220 425 1283 ineunte
448 1223 600 1300 trigesimo
630 1223 726 1305 ipsius
750 1247 845 1302 anno,
879 1228 1129 1307 quemadmodum
1152 1230 1196 1290 ait

12 1328 13 1331 ¹
84 1311 220 1369 Sanctus
234 1309 347 1383 Lucas,
369 1328 470 1367 mense
491 1309 650 1384 Januario,
672 1310 748 1371 feria
765 1311 856 1371 tertia
878 1310 1092 1389 hebdomadis,
1115 1335 1194 1375 anno

84 1403 162 1474 post
184 1394 249 1474 ejus
271 1392 490 1475 apparitionem
510 1414 599 1456 xiiiio.
627 1395 798 1477 baptizatus
820 1405 865 1457 est
885 1418 902 1456 a
923 1399 1052 1477 Joanne,
1080 1400 1196 1461 tribus-

88 1492 151 1557 que
174 1478 282 1538 deinde
304 1478 389 1538 annis
413 1479 524 1559 quibus
538 1481 683 1541 miracula
700 1482 797 1543 edidit
812 1483 941 1559 exactis,
964 1506 1044 1543 anno
1057 1507 1075 1547 a
1090 1485 1196 1545 mundi

88 1564 264 1625 conditione
293 1585 334 1624 ri.
358 1580 516 1627 unxxxin.
546 1576 674 1647 propter
701 1578 836 1628 nostram
869 1561 1001 1631 'salutem
1031 1570 1196 1631 crucifixus

89 1661 149 1713 est.
183 1652 258 1710 Cum
280 1650 358 1709 enim
381 1670 440 1710 una
464 1670 533 1710 cum
556 1652 713 1733 discipulis
733 1654 893 1714 umbratile
909 1653 1020 1715 Pascha
1043 1656 1198 1716 comedis·

62 1745 156 1811 .set,
190 1736 323 1795 inducto
344 1736 404 1795 alio
433 1735 611 1797 authentico
638 1737 806 1816 Psechate,
842 1739 915 1800 serie
935 1762 965 1800 v.
987 1738 1196 1814 hebdomadis,

87 1820 124 1880 in
147 1841 207 1902 qua
232 1830 295 1881 eret
318 1842 383 1884 x1v.
426 1822 547 1898 Lunae,
569 1823 677 1882 mensis
699 1840 771 1884 vero
794 1824 893 1884 Martii
914 1845 993 1885 xxii.
1026 1825 1197 1887 indictione

88 1927 145 1968 xv.
165 1909 233 1987 ipsa
253 1916 343 1966 nocte
362 1907 396 1966 in
420 1907 554 1987 ejusdem
567 1907 679 1968 mensis
700 1928 792 1968 xxm.
813 1909 1044 1993 progrediente,
1066 1909 1197 1971 traditus

90 2002 140 2053 est
163 2001 196 2053 et
216 1991 396 2071 crucifixus,
419 1993 485 2074 ipsa
506 1991 557 2053 die
577 1995 746 2055 resurrexit
765 2014 842 2058 xxv.
865 1996 914 2054 die
938 1993 1099 2056 Dominica.
1183 2050 1186 2057 .

240 2180 304 2241 EX
330 2179 541 2241 EJUSDEM
568 2181 758 2244 EUSEBII
785 2181 1059 2244 efluoiucis.

178 2314 267 2379 titios
288 2315 380 2376 dietis
400 2336 436 2374 ao
456 2314 649 2395 praemissis,
671 2314 911 2396 operaepretium
936 2314 1061 2377 ridetur
1081 2326 1118 2377 ut
1136 2317 1193 2376 iii-

92 2400 228 2462 dicemus
248 2422 360 2462 snnum
383 2399 516 2461 ab·orbe
539 2400 684 2474 condito,
721 2421 781 2479 quo
811 2400 954 2459 Dominus
979 2411 1083 2461 noster
1111 2402 1196 2462 lesus

92 2486 233 2547 Christus
252 2488 286 2547 in
310 2485 423 2549 mundo
445 2485 651 2549 admirandam
673 2505 708 2544 ac
729 2486 1016 2567 superexcellentem
1028 2487 1112 2546 illam
1123 2487 1197 2547 fecit

92 2572 336 2635 incarnationem
364 2592 403 2633 ex
433 2574 542 2635 Sancta
570 2562 694 2649 Virgine
722 2572 826 2632 Maria.
879 2572 956 2639 Erat
987 2582 1087 2632 sutem
1119 2581 1197 2632 tuno

94 2678 193 2720 annus
213 2679 244 2720 v.
265 2679 319 2719 iau.
342 2657 594 2739 quemadmodum
621 2657 692 2735 anni
721 2657 758 2716 ab
782 2656 897 2717 Adamo
923 2657 955 2716 in
986 2657 1072 2718 libris
1104 2657 1196 2718 saeris

92 2753 248 2827 putantur.
291 2743 348 2803 lllo
371 2743 507 2824 quippe,
537 2741 670 2822 Virginis
700 2742 895 2802 Annuntiati'o
907 2787 917 2819 ,
946 2750 977 2800 et
998 2762 1036 2802 ex
1057 2741 1125 2818 illa,
1147 2762 1197 2801 oa-

95 2830 222 2890 stissima
250 2828 401 2889 Nativitas
427 2830 506 2889 sacta
529 2837 582 2889 est.
627 2829 733 2888 Annus
755 2837 854 2888 autem
875 2827 947 2886 solis
968 2837 1032 2887 erat
1053 2847 1125 2886 xiii.
1145 2827 1198 2887 lu-

92 2936 151 2977 nae
171 2935 202 2976 x.
226 2915 304 2976 ieris
332 2933 407 2974 vero
434 2913 654 2990 hebdomadis,
684 2934 721 2974 ao
746 2912 992 2997 Annuntiitionis
1020 2914 1141 2993 quidem
1162 2934 1197 2973 ii.

95 3001 267 3063 Natiuitatis
288 3009 387 3059 autem
407 3019 450 3062 iv.
480 3008 571 3079 atque
598 2998 674 3058 adeo
696 2999 819 3059 divinus
840 2997 904 3080 ejus
924 2999 1099 3078 Baptismus
1121 3018 1198 3057 non·

94 3087 165 3166 tigit
185 3107 265 3147 anno
286 3105 317 3145 v.
337 3104 458 3150 imxxx.
482 3104 542 3164 quo
566 3102 661 3143 annus
689 3080 763 3145 solis
785 3093 850 3145 erat
870 3104 934 3144 xiv.
963 3084 1092 3145 lunser.
1122 3083 1198 3144 ferie

95 3170 292 3234 hebdomadis
312 3190 360 3230 ιιι.
402 3171 534 3230 Rursum
558 3189 632 3230 vero
653 3168 794 3231 salutaris
817 3169 904 3229 illins
929 3169 1031 3229 Passio
1052 3170 1131 3229 laeta
1152 3177 1199 3229 est

97 3273 174 3319 anno
194 3278 224 3320 v.
245 3256 406 3319 immin.
429 3275 490 3335 quo
511 3274 608 3325 annas
630 3254 702 3314 solia
724 3256 782 3315 suit
802 3274 832 3315 r.
852 3255 943 3314 lunae
963 3274 1029 3315 xiv.

179 3425 339 3489 Enimvero
366 3406 868 3484 brevitsrdamonstrsto'v.im1.
899 3441 978 3480 anno
1007 3420 1043 3479 ab
1070 3418 1195 3493 Adamo‚

51 3506 54 3509 ¹
97 3534 158 3596 quo
189 3510 299 3572 Christi
329 3508 496 3569 seeundum
525 3527 646 3571 carnem
675 3506 790 3567 Natalis
821 3506 962 3586 contigit,
996 3524 1143 3564 annorum
1165 3513 1197 3564 et

97 3597 243 3661 mensium
265 3593 448 3656 differentias
467 3586 606 3674 praestat
626 3593 718 3652 modo
740 3592 890 3662 subdere,
927 3589 1009 3671 quod
1030 3611 1068 3650 ex
1090 3609 1196 3650 eornm

96 3683 284 3766 ignoratione
311 3676 458 3760 plurimos
486 3697 587 3739 errare
617 3678 780 3756 conlingat.
837 3679 936 3737 Pausa
964 3684 1064 3738 autem
1096 3676 1196 3737 dinam

98 3772 245 3833 duntaxat
266 3767 307 3828 da
325 3763 539 3847 insignioribus
559 3765 683 3825 illorum
709 3761 945 3841 discriminibus,
973 3781 1049 3842 quae
1074 3761 1195 3841 quidem

164 4034 244 4077 reru·
260 4004 503 4083 mosomensis,
519 3995 596 4072 eolus
609 4016 658 4071 reti
750 4016 850 4090 aliquot
865 4015 934 4070 luter
949 4011 1144 4070 oommentarioi
1160 4011 1196 4067 ad

164 4088 300 4143 Danielem
316 4084 439 4157 legimus,
464 4087 521 4141 sire
537 4087 604 4142 alins
620 4104 656 4159 qu
676 4086 732 4141 ibet
748 4095 776 4140 et
791 4092 833 4141 tot
848 4085 971 4152 Savaria,
997 4099 1104 4155 qnorum
1120 4081 1196 4137 saria

166 4158 295 4228 seriptis-a
306 4154 495 4227 bibliographis
507 4162 740 4210 commemorantur.
758 4156 838 4211 cette
847 4172 936 4211 rernm
947 4160 1084 4209 auctorem,
1093 4150 1196 4205 illorum

165 4228 385 4312 fragmentorum,
408 4224 524 4309 Eusebio
548 4243 685 4310 perperam
709 4225 911 4289 adtributum,
936 4240 1003 4276 nuno
1026 4221 1140 4284 demum,
1164 4225 1196 4272 nt

164 4297 292 4357 arbitror,
308 4294 510 4365 deprehendisse
521 4312 573 4349 noii
589 4293 680 4355 inutile
696 4301 745 4349 est.
780 4297 868 4351 Marus
879 4295 973 4377 Norae
986 4289 1095 4344 Colleot.
1108 4285 1196 4343 viee.

165 4365 219 4422 rol.
231 4366 251 4419 1.
268 4382 296 4436 p.
309 4366 371 4422 222.

145 4462 291 4516 Gbrmlaon
305 4457 434 4517 Pasibula
454 4459 506 4514 ool.
522 4459 561 4518 Η.
738 4514 743 4528 ,
966 4448 988 4507 8
1046 4516 1050 4523 ¹
