2944 4896
464 331 665 405 unsnmn
688 309 917 397 rudinus.
1119 320 1121 331 ’
1169 330 1243 404 125
1360 298 1362 303 ’

224 521 292 562 xsx.
336 498 519 579 Epsenetus,
542 499 629 581 cujus
649 498 785 560 meminit
805 494 969 579 Apostolus
990 495 1021 557 in
1043 496 1177 579 Epistola
1200 500 1240 561 sd

137 586 310 659 Romanos,
332 585 384 664 qui
406 593 437 643 et
460 585 626 665 Episcopus
648 583 813 663 cartaginis
833 582 941 643 extitit.

103 742 105 745 ¹
226 691 281 732 xx.
326 669 538 746 Andronicus,
572 671 658 752 cujus
692 668 827 729 meminit
853 668 1016 749 Apostolus
1045 667 1078 728 iu
1104 668 1238 750 Epistola

142 754 182 815 ad
197 757 365 827 Romanos,
388 755 439 835 qui
462 766 491 815 et
511 755 671 836 Hispaniae
689 755 856 835 Episcopus
879 753 947 815 suit.

228 861 294 900 xx1.
337 840 489 921 Amplius,
520 841 607 922 cujus
635 841 725 902 etiam
751 837 886 899 meminit
906 840 937 897 in
960 837 1094 918 Epistola
1115 838 1154 902 ad
1176 843 1239 902 lto·

141 945 262 1002 mauos,
285 926 336 1005 qui
358 936 387 984 et
409 926 575 1006 Episcopus
599 926 710 1007 Odyssi
728 925 794 985 fait.

226 1030 305 1070 xxrr.
349 1010 510 1085 Urbanus,
547 1012 634 1091 cujus
668 1010 783 1090 pariter
817 1010 950 1072 meminit
975 1011 1010 1069 in
1038 1009 1173 1091 Epistola
1202 1012 1240 1073 ad

140 1097 312 1172 Romanos,
333 1097 387 1176 qui
409 1096 599 1157 Macedoniae
619 1097 790 1177 Episcopus
812 1100 920 1157 extitit.

226 1201 319 1241 xxrn.
361 1180 509 1261 stachys,
531 1181 617 1260 cujus
632 1180 758 1263 perinde
780 1183 959 1243 mentionem
981 1181 1042 1260 agit
1062 1179 1094 1239 in
1106 1181 1242 1262 Epistola

141 1266 181 1326 ad
202 1267 370 1343 Romanos,
394 1287 483 1346 quem
503 1267 638 1327 Andreas
660 1267 843 1347 Apostolus,
863 1269 936 1329 dum
955 1267 1114 1327 Ponticum
1136 1269 1243 1329 enavi-

141 1360 224 1430 garet
245 1371 342 1427 mrre,
373 1350 557 1433 Argyropoli
579 1352 724 1415 Thracias
743 1352 925 1433 municipio,
957 1350 1094 1433 Byzantii
1114 1352 1243 1433 Episco-

141 1442 224 1518 pum*
239 1435 404 1497 constituit.
636 1486 640 1493 .
1275 1432 1279 1441 ⁴

227 1540 313 1583 xxiv.
349 1521 489 1602 Apelles,
520 1522 558 1582 de
584 1541 647 1601 quo
674 1520 753 1582 idem
772 1521 937 1604 Apostolus
958 1522 1093 1584 meminit
1110 1522 1143 1583 in
1164 1521 1245 1605 Epi·
1302 1578 1306 1600 ,

141 1605 220 1668 stola
245 1608 285 1666 ad
305 1609 473 1687 Romanos,
494 1608 547 1688 qui
570 1616 601 1668 et
621 1605 780 1667 Heracleae
801 1609 969 1689 Episcopus
989 1610 1056 1671 fuit.
1160 1666 1163 1671 ,

226 1713 301 1753 xxv.
341 1690 525 1772 Phugellus,
547 1692 713 1753 simoniaca
724 1691 842 1755 haeresi
855 1694 999 1772 inlectus,
1020 1695 1073 1774 qui
1089 1705 1119 1756 et
1131 1694 1241 1777 Ephesi

139 1778 310 1860 Episcopus
331 1777 397 1837 fuit
972 1776 978 1787 ⁸

225 1883 314 1924 xxvi.
355 1862 574 1941 Hermogenes,
598 1864 650 1942 qni
666 1864 795 1942 Megaris
810 1863 979 1944 Episcopus
991 1872 1038 1924 est
1052 1862 1219 1927 ordinatus.
1289 1874 1292 1885 '

224 1968 327 2009 xxvn.
368 1948 495 2021 Damas,
523 1947 610 2026 cujus
638 1949 774 2011 meminit
799 1949 966 2030 Apostolus
993 1947 1027 2008 in
1048 1949 1180 2010 secunda
1202 1949 1241 2010 sd

140 2034 330 2094 Timotheum
360 2033 514 2114 Epistola,
555 2033 711 2096 Christum
741 2034 900 2114 abnegavit
912 2079 921 2111 ,
958 2054 995 2094 ac
1020 2034 1184 2114 Phugellus
1213 2043 1246 2097 et

137 2119 342 2197 Hermogenes
363 2119 427 2199 ejus
449 2116 617 2179 doctrinam
636 2129 707 2181 erunt
727 2120 869 2201 amplexi.
903 2121 1009 2183 Demus
1030 2140 1103 2181 vero
1120 2121 1243 2185 ·sasculi

138 2204 231 2286 hujus
252 2223 354 2264 amore
374 2203 554 2282 Euangeliou
582 2205 678 2269 verbo
706 2205 875 2280 derelicto,
901 2205 1055 2268 idolorum
1076 2208 1175 2268 factus
1196 2215 1243 2268 est

139 2288 311 2364 Sacerdos,
338 2288 376 2349 de
399 2309 460 2368 quo
478 2288 607 2349 loannes
628 2289 792 2371 Apostolus
811 2288 888 2351 haec
908 2290 1055 2371 scripsitt
1073 2291 1124 2354 En
1143 2296 1243 2354 nasas

138 2378 241 2455 agreed
261 2380 343 2449 sunt,
361 2370 408 2434 sed
427 2394 482 2434 non
502 2379 581 2433 mont
601 2393 635 2434 er
655 2377 763 2434 aaran.

223 2479 335 2529 xxrru.
376 2458 539 2540 Ampelas,
559 2458 646 2542 cujus
668 2461 758 2521 etiam
779 2458 917 2519 meminit,
937 2457 1100 2538 Apostolus
1114 2459 1146 2519 in
1165 2459 1242 2541 Epi·
1284 2466 1289 2473 '

140 2546 219 2608 stola
248 2544 288 2605 ad
316 2543 493 2621 Romanos,
533 2543 560 2605 is
594 2547 740 2625 Smyrnae
767 2555 836 2606 aute
864 2546 1010 2605 Sanctum
1039 2544 1242 2627 Polycarpum

139 2631 357 2716 Episcopatum
380 2628 521 2693 obtinuit.
718 2684 721 2685 γ

226 2735 314 2783 mx.
356 2712 567 2803 Aristobulus,
588 2712 675 2794 cujus
693 2714 809 2795 pariter
827 2712 862 2773 iu
882 2713 1015 2795 Epistola
1032 2715 1072 2776 sd
1091 2717 1240 2778 Romanos

141 2802 278 2865 meminit
303 2800 484 2881 Apostolus,
506 2798 560 2881 qui
578 2798 752 2861 Britanniae
773 2797 833 2860 fuit
854 2799 1033 2881 Episcopus.

226 2907 304 2949 xxx.
347 2885 527 2962 Narcissus,
558 2883 645 2965 cujus
668 2885 794 2965 perinde
822 2885 955 2946 meminit
979 2884 1013 2945 iu
1038 2883 1173 2967 Epistola
1202 2885 1241 2948 ad

141 2976 309 3050 Romanos,
331 2970 384 3052 qui
405 2981 435 3045 et
454 2964 638 3032 Athenarum
658 2970 828 3053 Episcopus
850 2970 961 3032 extitit.

226 3079 315 3120 mr.
356 3054 510 3117 Herodion
559 3054 646 3136 cujus
675 3055 811 3118 meminit
838 3055 1006 3137 Apostolus
1036 3055 1070 3116 in
1104 3056 1243 3138 Epistola

141 3145 181 3206 ad
201 3146 371 3220 Romanos,
392 3141 445 3222 qui
466 3150 498 3202 et
517 3103 675 3202 lemarum
695 3141 865 3222 Episcopus
885 3141 954 3202 tuis

225 3250 331 3290 xxm.
366 3225 506 3305 Agabus,
535 3225 624 3307 cnjus
644 3226 756 3299 mentio
783 3224 819 3287 fit
844 3225 878 3285 iu
902 3225 985 3291 Actis
1013 3224 1240 3306 Apostolorum,

142 3315 195 3395 qui
215 3324 245 3375 et
265 3309 446 3396 prophetica
467 3310 562 3390 gratia
582 3309 691 3371 donari
710 3310 831 3373 meruit.

110 3426 118 3443 =
227 3418 344 3461 xxxin.
386 3399 500 3474 Rufus,
531 3393 618 3475 cnjus
645 3396 679 3459 iu
708 3394 844 3477 Epistola
871 3394 910 3457 ad
931 3396 1082 3455 Romanos
1108 3392 1241 3456 meminit

142 3486 326 3566 Apostolus,
348 3482 413 3563 qui·
425 3493 456 3544 et
475 3481 643 3544 Thebarum
664 3480 723 3541 fuit
742 3478 923 3561 Episcopus.

226 3589 336 3631 xxxiv.
378 3567 576 3650 Asyncritus,
607 3567 695 3645 cujus
715 3565 828 3629 mentio
848 3565 882 3627 fit
902 3565 933 3626 in
957 3562 1093 3647 Epistola
1112 3562 1151 3625 ad
1176 3563 1241 3627 tto·

143 3676 264 3732 manos,
288 3654 341 3738 qui
362 3663 394 3716 et
412 3650 559 3717 Urbanias
578 3652 749 3735 Episcopus
774 3649 841 3714 tuit.
