2944 4896
480 296 681 366 eunome]
705 296 934 367 Pasuuus.
1184 298 1258 370 119

662 527 758 614 VH.

383 694 415 768 E
447 696 483 768 X
546 697 648 773 AN
682 693 719 772 Ο
753 697 790 773 N
823 698 858 771 Y
892 699 936 774 M
970 695 1027 791 0,

150 816 206 878 na
230 824 419 884 cnnssrr
439 829 743 918 nersnsrsrss
765 830 824 885 nr
846 828 1083 888 assasonss
1109 828 1254 886 ennio

113 1022 117 1031 .
235 965 315 1028 Illud
338 969 427 1030 etiam
447 969 683 1051 observandum,
715 969 883 1046 Christum,
913 991 982 1031 cuns
1006 989 1154 1032 sonorum
1175 982 1254 1034 esset

149 1070 263 1110 xxxm.
284 1074 323 1112 ex
345 1075 406 1134 quo
427 1054 460 1115 in
486 1064 567 1116 tarra
588 1057 749 1138 apparuit,
779 1054 959 1117 crucifixum
981 1056 1075 1118 fuisse
1094 1065 1130 1117 nt
1150 1055 1253 1117 homi-

149 1156 238 1195 nem:
259 1137 354 1219 idque
375 1139 576 1201 indubitatum
598 1142 678 1222 apud
701 1143 825 1221 quosvis
844 1150 953 1202 menet.
983 1141 1045 1216 Qui
1056 1141 1149 1220 igitur
1163 1140 1253 1202 Chri·

149 1233 229 1283 stum
252 1233 357 1285 natum
379 1245 443 1305 esse
464 1225 630 1301 secundum
652 1247 773 1288 carnem
795 1247 872 1288 anno
894 1247 925 1292 v.
940 1246 995 1288 uo.
1011 1247 1047 1287 ec
1062 1244 1254 1306 consequen-

149 1317 196 1366 ter
225 1330 304 1369 anno
336 1330 366 1373 v.
394 1328 551 1373 atomus.
579 1313 673 1372 fuisse
704 1312 789 1372 cruci
819 1311 969 1388 affixum,
998 1312 1108 1373 falsum
1138 1312 1253 1390 dicunt,

150 1393 286 1474 aliosque
306 1395 431 1456 fallunt:
465 1416 524 1477 qus
544 1416 617 1458 vero
638 1396 772 1474 ratione,
801 1398 924 1460 evidens
953 1406 998 1458 est
1027 1394 1253 1464 demonstratio.

151 1478 338 1559 Computatis
352 1482 464 1563 quippe
476 1482 623 1543 universis
637 1484 675 1544 iis
687 1505 704 1544 s
718 1482 832 1544 mundo
847 1481 970 1544 condito
985 1503 1033 1544 an.
1047 1504 1079 1548 ι.
1090 1504 1252 1547 omnm.

149 1584 186 1622 ac
207 1564 239 1623 in
262 1566 547 1633 decemnovennales
569 1568 714 1650 periodos
734 1567 960 1652 partitis„(tot
982 1568 1059 1628 enim
1082 1580 1153 1629 sunt
1169 1569 1253 1650 cycli

148 1647 253 1734 lunae)
277 1661 401 1730 quartus
422 1653 526 1733 cyclus
547 1654 637 1714 lonae
659 1654 771 1735 absque
793 1652 855 1715 ulla
877 1653 1252 1716 controversiainvenitnr

148 1754 183 1794 ιο
205 1756 304 1814 anno,
326 1754 380 1798 seu
400 1757 432 1800 v.
446 1758 604 1801 asoxxxm.
646 1741 722 1800 Cum
744 1761 818 1800 vero
840 1748 968 1820 quereus
989 1740 1111 1800 omnino
1133 1738 1252 1800 sithoc

147 1820 216 1901 ipso
239 1842 318 1884 anno
337 1824 428 1885 lunae
449 1824 576 1905 cyclus,
612 1845 652 1886 ex
673 1826 836 1886 certissima
858 1821 993 1887 Paschali
1013 1824 1172 1905 putatione
1194 1844 1250 1886 se-

147 1905 255 1985 quitur
274 1908 343 1989 ipso
362 1929 436 1968 xxx
457 1910 558 1970 Martii
578 1912 687 1971 mensis
709 1911 757 1972 dia
785 1910 879 1990 legale
901 1907 1014 1969 Pasche
1034 1907 1187 1990 reperiri,
1215 1930 1250 1969 ac

146 2011 200 2057 xv.
222 1992 327 2071 lunae,
350 1993 464 2054 scilicet
487 1995 545 2057 die.
581 1994 711 2070 Quando
733 2004 833 2059 autem
855 1992 993 2054 Christus
1013 2015 1070 2076 pro
1092 1992 1180 2054 nobis
1202 2013 1249 2054 ss-

145 2077 275 2138 lntsrsm
302 2079 472 2161 passionem
499 2079 601 2157 obiit,
634 2101 724 2141 xxm.
751 2090 816 2142 erat
840 2080 943 2143 Martii
972 2081 1099 2157 mensis,
1131 2088 1163 2140 et
1182 2096 1249 2143 ιιι.

144 2162 255 2239 lunas,
278 2185 406 2245 vespere
426 2166 545 2226 scilicet
565 2164 717 2227 Paschstis
737 2166 857 2245 legalis,
879 2165 962 2247 quod
983 2166 1106 2245 quidem
1123 2185 1186 2225 nno
1201 2164 1250 2226 die

143 2259 342 2329 praevertens
365 2249 503 2311 Christro
525 2270 595 2310 cnm
622 2250 778 2331 discipulis
805 2251 868 2311 suis
890 2250 1041 2327 consedit,
1075 2249 1145 2329 quia
1166 2270 1250 2310 mor-

143 2340 207 2394 tem
229 2347 294 2396 erat
314 2335 496 2412 subiturus,
525 2355 579 2396 seu
609 2356 714 2414 magna
732 2335 868 2415 quinta,
904 2355 984 2395 xxn.
1004 2336 1115 2396 mensis
1136 2332 1248 2406 Martii,
1270 2336 1275 2349 ¹

144 2422 386 2483 etxn1.lunse.
439 2420 604 2500 sicigitur
626 2424 706 2481 cisoa
738 2420 851 2481 Christi
878 2419 1043 2481 secundum
1070 2418 1248 2479 humanita-

142 2513 204 2564 tem
224 2484 391 2567 nativitatis
412 2515 531 2588 tompus
553 2507 616 2567 isiii
637 2507 845 2588 reperiuntur,
867 2505 922 2586 qui
942 2526 1020 2566 snno
1033 2525 1063 2566 ι.
1072 2525 1127 2567 sm.
1143 2512 1252 2564 astun-

144 2589 272 2663 dicunt,
306 2612 374 2652 cnm
403 2602 504 2653 errent
532 2594 564 2652 in
591 2593 695 2671 legplis
716 2590 869 2653 Paschatis
889 2598 1060 2672 compoto,
1093 2599 1125 2651 et
1152 2590 1247 2649 sacris

143 2675 312 2757 scripturis
336 2675 548 2753 adversentur,
566 2697 602 2738 ac
623 2680 755 2759 receptis
775 2677 807 2737 in
823 2677 988 2738 salvatoris
1009 2674 1148 2756 passione
1170 2695 1246 2735 con-

86 2788 91 2797 ’
143 2763 317 2841 sequentiis.
346 2761 409 2836 Qui
428 2782 521 2842 porro
543 2763 644 2842 aliqua
666 2782 736 2824 cum
756 2764 949 2824 accuratione
971 2770 1109 2841 tempora
1126 2759 1247 2819 descri-

142 2858 289 2991 pserunt,
316 2867 353 2907 sc
373 2849 494 2908 reritsti
515 2848 643 2930 perinde
663 2842 863 2925 institerunt,
886 2847 944 2909 nei
964 2845 1060 2907 nostri
1080 2844 1176 2907 Verbi
1196 2846 1247 2904 in·

165 2932 387 3003 emanationem
416 2935 526 2993 iactam
557 2933 642 2993 aiunt
669 2952 748 2995 enno
777 2955 795 2992 a
815 2932 920 2993 mnndi
949 2933 1078 2994 conditu
1101 2950 1132 2992 ι.
1154 2950 1246 2993 seuve.
1335 2980 1338 2987 ,

142 3018 305 3079 mistas-em
332 3006 407 3079 vero
435 3020 518 3079 illius
543 3019 727 3097 Passionem,
755 3017 1012 3101 (qnandoquidem
1040 3015 1163 3095 triginta
1184 3023 1246 3076 tres

143 3122 238 3164 sanos
258 3104 416 3183 integros,
445 3106 491 3165 nti
512 3105 544 3163 in
565 3105 704 3165 confesso
725 3114 785 3178 cst,
812 3104 846 3164 in
866 3114 946 3165 terra
968 3112 1015 3164 est
1036 3100 1246 3183 conversatus)

143 3209 222 3248 anno
245 3209 276 3250 v.
294 3209 451 3253 noxum.
496 3190 572 3249 Com
595 3196 692 3249 sutem
716 3189 872 3249 invenitur
891 3187 1025 3249 decimus
1045 3205 1246 3267 praecurrens

141 3275 232 3339 lonae
254 3275 375 3359 cqcius,
396 3276 428 3335 in
449 3295 484 3334 eo
505 3285 535 3336 at
548 3283 756 3359 computatum
769 3272 899 3350 Pascha,
921 3293 1006 3334 xxiv.
1022 3270 1130 3330 mensis
1144 3269 1247 3330 Martii

142 3378 207 3420 esse
236 3360 401 3441 reperitur.
445 3362 521 3420 Tum
552 3360 631 3419 enim
661 3360 793 3419 occurrit
821 3360 893 3417 luna
914 3378 966 3418 xv.
987 3356 1021 3416 in
1047 3354 1096 3414 die
1118 3350 1245 3432 sabbati,

140 3444 246 3525 sicque
270 3444 427 3506 universae
450 3466 485 3509 ao
509 3443 696 3507 omnimodas
718 3442 923 3504 consecutioni
944 3451 1065 3521 tempus
1087 3438 1246 3501 concinere

141 3539 278 3611 apparet.
321 3530 398 3595 Nam
419 3550 511 3592 mss.
532 3530 644 3592 mensis
665 3528 789 3603 Martii,
819 3527 1010 3605 ermionae,
1036 3524 1112 3585 feris
1132 3544 1175 3584 ιι.
1197 3544 1246 3584 ιι·

139 3615 269 3676 luterem
290 3616 461 3677 Passionem
487 3636 594 3695 passus
621 3625 668 3677 est
695 3613 832 3675 Christus
860 3613 940 3672 Dens
966 3619 1090 3684 noster,
1117 3628 1245 3690 vespere

141 3701 259 3761 scilicet
274 3700 425 3761 flaochatis
445 3701 566 3781 legelis,
588 3722 623 3761 sc
640 3721 714 3761 xxv.
729 3698 862 3781 ejusdcm
881 3696 993 3758 mensis
1013 3694 1112 3756 Martii
1134 3715 1243 3756 resur-

140 3787 238 3863 rexit,
268 3795 338 3871 post
357 3794 421 3847 tres
441 3806 549 3868 nempe
573 3807 613 3849 ex
634 3792 695 3868 qqo
714 3795 852 3846 mortuus
879 3784 924 3843 ιἰι
946 3776 1029 3860 dies,
1058 3798 1244 3842 concurren-

141 3871 224 3939 tihns
244 3871 312 3931 aliis
330 3872 472 3933 omnibus
498 3870 642 3953 temporis
668 3868 756 3932 istius
778 3864 1052 3943 observationibus,
1078 3864 1167 3946 juxta
1190 3885 1243 3923 ac·

140 3966 278 4019 ourstsm
300 3956 385 4019 docti
407 3956 613 4043 Chrysostomi
634 3958 883 4018 examinationem
906 3949 1108 4033 aequinoctii,
1128 3968 1166 4010 so
1178 3949 1243 4029 ple·

138 4043 268 4119 nilunii,
293 4053 327 4104 'et
348 4044 449 4125 lapsus
470 4044 559 4125 primi
582 4066 599 4104 s
622 4043 684 4105 Deo
707 4043 822 4109 conditi
844 4039 973 4103 hominis
994 4044 1241 4114 meterorumqne
