3010 4904
20 150 84 333 t

330 322 660 396 AD'CHRONICUM
685 327 1027 394 atuxmnufltun.
1155 319 1231 399 559

123 507 230 575 stupro
258 495 368 554 ameria
396 505 425 555 et
451 474 677 571 foinicatio'nis,
709 502 739 554 et
767 494 892 554 iaternni
906 494 1062 555 ,mulieres
1083 492 1234 572 rahapaae

123 592 193 641 sunt
214 581 265 641 vel
287 581 428 654 diffusae,
452 593 481 640 st
502 581 534 639 in
554 579 705 640 vesaniam
728 599 833 640 vercae
852 589 941 655 aunt,
964 589 1022 641 etc.
1067 579 1232 657 Octingen-

121 668 226 738 tesimc
249 686 322 727 vero
346 688 423 726 anno
445 671 525 726 vitae
546 666 630 725 Adae
653 665 809 724 dilatatum
838 676 883 725 est
909 682 1000 744 anper
1027 675 1139 726 terram
1170 665 1234 723 fcr-

122 753 281 813 nicationis
302 753 561 832 inquinamentum
585 774 602 809 a
623 750 694 810 filiis
716 752 888 810 fratricidae
910 751 993 810 Cain.
1029 753 1167 810 Mortuus
1190 760 1234 809 est

121 848 222 899 autem
240 838 334 897 Adam
357 860 437 897 anno
460 834 686 916 nongentesimo
708 846 739 895 et
760 837 911 903 tricesimo
935 838 1016 896 ittae
1035 857 1106 896 auae
1125 837 1157 894 in
1171 835 1233 915 pri·

120 944 170 983 mc
201 920 382 985 millenarii.
426 925 463 985 Et
494 934 567 984 tunc
590 923 748 981 distinctae
769 932 840 981 aunt
862 923 1070 1000 generationes
1093 920 1130 980 ab
1152 921 1233 979 invi-

121 1028 204 1083 cem,
235 1018 269 1068 ut
298 1020 371 1089 puta
400 1008 550 1087 generatio
579 1007 652 1067 Seth
683 1008 900 1087 accguaticne
922 1009 1005 1067 Cain.
1047 1010 1086 1068 Et
1107 1007 1234 1067 abstulit

119 1093 195 1152 Seth
217 1115 301 1153 auam
323 1097 529 1172 cognatione·
552 1114 672 1153 sursum
694 1094 725 1151 in
747 1094 897 1173 quendam
919 1102 1069 1169 montem,
1093 1093 1144 1172 qui
1168 1101 1233 1151 erat

120 1179 279 1258 proximus
306 1181 458 1261 paradiso.
503 1181 597 1240 Perre
629 1180 701 1238 Cain
731 1189 761 1238 et
789 1178 881 1260 hujus
910 1180 1049 1258 cognatio
1071 1178 1104 1236 in
1124 1187 1232 1256 cam'pc

119 1263 307 1344 habitabant,
329 1267 359 1325 in
382 1286 442 1345 quc
465 1275 496 1326 et
515 1264 677 1325 nefandum
698 1264 799 1324 fratris
820 1264 1018 1326 homicidium
1035 1264 1232 1345 perpetravit.

207 1352 429 1411 Animadvertis
458 1352 554 1412 lector
582 1352 662 1431 juste
690 1372 707 1409 a
737 1348 892 1411 Methodio
921 1370 1054 1431 expensa
1085 1369 1231 1409 annorum

118 1447 273 1516 tempera,
295 1437 486 1518 septuaginta
508 1447 629 1517 patrum
651 1457 810 1496 numerum
823 1445 935 1499 secuto.
980 1437 1039 1496 Sed
1056 1436 1163 1495 Patrue
1178 1435 1231 1494 illa

121 1522 279 1583 Comestcr
300 1542 350 1582 aus
373 1522 470 1602 daque
493 1523 587 1584 vertit
606 1524 717 1597 omnia,
741 1543 811 1581 cum
827 1523 883 1582 'illa
904 1521 1050 1585 Methodii
1070 1521 1162 1581 v'srbe
1176 1540 1231 1580 sa·
1328 1520 1337 1541 '

118 1607 241 1688 pcamt:
263 1609 501 1686 quingentesimo
521 1630 600 1667 anna
620 1609 736 1688 primae
757 1604 896 1668 chiliadis
917 1608 950 1666 id
972 1617 1033 1682 sat,
1052 1608 1153 1687 inquit
1175 1608 1231 1666 Pe·

86 1734 92 1740 ·
117 1704 206 1767 trus,
230 1703 298 1771 past
318 1695 445 1774 primam
467 1692 645 1767 chiliadem,
669 1692 754 1770 quod
775 1714 792 1751 a
814 1702 915 1753 menta
936 1702 966 1751 et
988 1694 1087 1753 verbio
1108 1692 1230 1752 Matho*

119 1779 165 1838 dii
192 1786 309 1841 tentum
332 1780 433 1855 abeat,
462 1789 609 1878 quantum
628 1801 645 1836 a
668 1777 803 1837 Gadibus
828 1779 963 1854 Ganges,
998 1787 1051 1836 aut
1073 1779 1229 1836 caeluma

58 1894 63 1899 ⁴
118 1873 212 1924 terra.
255 1863 427 1959 Methodips
453 1866 534 1924 enim
561 1863 691 1944 primam
722 1861 882 1922 chiliadem
912 1863 1044 1942 appellat
1070 1883 1163 1922 annos
1191 1863 1228 1925 ab
1348 1935 1358 1951 Ι

119 1949 237 2011 Adamo
257 1961 390 2031 coeptos,
414 1960 444 2011 et
464 1951 497 2009 in
516 1950 673 2011 millesimo
695 1947 808 2010 finitos.
829 1948 886 2007 Illa
907 1968 1023 2025 ergcv
1002 1947 1105 2046 rerba,
1128 1947 1231 2028 (quin-

119 2034 285 2114 ganteaimc
308 2057 385 2096 anno
408 2037 523 2117 primae
544 2034 696 2111 chiliadis)
720 2043 792 2096 aunt
812 2032 970 2095 referenda
991 2033 1030 2092 ad
1053 2033 1231 2114 quingente-

118 2121 228 2180 aimum
257 2142 368 2183 anuum
400 2123 480 2182 vitae
507 2122 633 2198 Adami,
659 2142 722 2180 ιιοιι
748 2120 787 2182 ad
811 2120 1002 2180 millesimum
1029 2121 1233 2200 quingentesi-

118 2226 202 2265 mum
225 2169 663 2289 posthdamum.Sequiti1r
685 2207 764 2267 enim
786 2203 964 2266 ddamum
955 2227 988 2264 ιιι
1008 2207 1108 2297 primo
1130 2205 1232 2266 mille-

117 2292 224 2385 nario,
250 2314 312 2354 nou
340 2303 411 2374 post
431 2292 563 2374 primum
585 2293 788 2353 millenarium
810 2312 875 2353 ease
896 2301 1065 2367 mortuum,
1095 2301 1232 2351 mortuus

119 2386 166 2437 est
183 2377 262 2438 enim
285 2400 362 2439 anno
383 2383 455 2445 930
478 2379 639 2441 defuerunt
661 2378 762 2440 adhuc
783 2376 821 2437 ad
843 2377 972 2457 primam
994 2338 1152 2438 chiliadem
1141 2377 1231 2459 ·pls·

74 2548 86 2556 -
119 2483 191 2523 nam
212 2465 400 2543 septuaginta
423 2467 502 2526 anni
544 2464 705 2544 Subiungit
723 2473 832 2546 postea
852 2462 1034 2527 Methodius.

207 2548 442 2629 Quadragesimc
471 2559 570 2612 autem
599 2571 676 2610 anno
710 2547 897 2647 tenporihus
930 2547 1031 2608 Iareth
1067 2524 1232 2627 pertransit
1248 2553 1283 2608 22

119 2632 253 2712 primum
279 2636 482 2699 millenarium
510 2657 564 2697 seu
593 2637 692 2716 prima
723 2634 887 2715 generatio
932 2633 1126 2710 Rectissime3
1162 2653 1232 2693 nam

119 2717 258 2779 Malaleel
286 2742 365 2782 anne
393 2722 500 2783 mundi
521 2726 594 2788 960.
622 2721 725 2800 genuit
745 2719 908 2797 tandum,
937 2719 1035 2781 laredi
1056 2739 1128 2799 crgo
1149 2739 1233 2799 qua-

115 2803 290 2883 dragesime
310 2812 415 2869 aetatis
437 2828 518 2868 anno
539 2807 715 2889 pertransiit
735 2808 834 2888 prima
856 2804 961 2869 chilias
981 2825 1138 2866 annorum.

485 2894 629 2975 Sequitur
649 2895 682 2954 in
703 2892 867 2954 Methodic.

206 2971 293 3033 ιιιιιιο
321 2984 420 3037 sutem
443 2980 736 3058 quadringentesimo
758 2976 861 3041 [areth
888 2979 951 3057 (ita
971 2977 1132 3057 legendnm
1154 2975 1230 3037 crdo

120 3061 187 3140 ipse
207 3068 238 3118 et
259 3079 400 3138 graemm
421 3065 578 3144 exemplar
599 3065 726 3140 docent3
756 3086 837 3141 non,
857 3058 1009 3127 tricesimo
1031 3060 1233 3144 quadragesi-

119 3165 191 3219 mo,
211 3144 258 3207 uti
278 3144 415 3223 librarii,
436 3168 499 3207 non
517 3146 665 3208 Methodii
681 3149 857 3208 manifestus
878 3149 991 3227 error)
1012 3148 1138 3210 secundi
1159 3149 1232 3208 mil-

119 3228 229 3293 lanarii
250 3242 448 3292 aurraxerunt
468 3233 528 3294 viri
542 3234 645 3292 'malae
666 3234 738 3293 artie
758 3232 930 3294 intentares
949 3233 1065 3312 iniqui,
1096 3241 1126 3292 et
1148 3233 1231 3291 omni

118 3314 253 3395 nequitia
279 3317 363 3396 pleni
389 3337 428 3378 cx
447 3318 518 3378 liliis
540 3318 616 3378 Cain
642 3326 678 3378 ut
704 3316 815 3378 lobath
839 3317 988 3379 Thclucel
1012 3316 1067 3379 filii
1088 3315 1230 3392 Lamech,

121 3403 174 3479 qui
195 3401 255 3463 fuit
275 3423 393 3481 means,
415 3405 521 3485 quiet
542 3404 616 3465 Cain
636 3404 802 3476 interfecit3
814 3403 856 3463 ιιι
878 3424 955 3484 quos
977 3403 1150 3463 dominatus
1166 3403 1231 3464 dia·

119 3487 223 3563 bolus,
263 3489 415 3551 convertit
446 3512 498 3551 ecs
525 3500 631 3572 postea
661 3491 694 3550 in
724 3509 845 3550 emnem
872 3498 968 3550 artam
998 3489 1160 3567 magicam,
1201 3500 1231 3549 et

120 3592 240 3673 omnem
259 3575 391 3654 speciem
411 3576 558 3639 Musicam
579 3576 792 3678 ccmponendi

167 3658 293 3723 Auno
316 3670 417 3723 autem
431 3663 670 3742 quingentesimo
691 3659 816 3725 secundi
836 3660 999 3725 millenarii
1019 3657 1120 3719 adhuc
1142 3659 1230 3719 etiam

121 3755 300 3809 exarserunt
329 3747 362 3809 in
389 3749 549 3810 uelandam
578 3748 810 3810 fornicationem
833 3766 937 3807 amnas
966 3744 1135 3806 homiues
1125 3765 1158 3804 ιιι
1180 3766 1233 3804 ca-

119 3828 192 3891 stria
213 3829 298 3906 cain,
320 3844 377 3897 ate.
395 3834 663 3934 aeptiqgenteaimo
683 3843 784 3895 anum
800 3833 837 3899 ala
860 3853 940 3892 anno
955 3832 1110 3913 temporis,
1131 3830 1234 3891 Jareth

120 3913 238 3983 saitica
262 3916 456 3996 niteamus,
483 3921 515 3981 in
537 3921 668 3983 secunda
689 3919 819 3980 chiliade
840 3919 1012 4000 composuit
1033 3917 1181 3996 naalignus
1201 3927 1233 3978 et

118 3999 251 4078 ιιιιιιιιιι
267 4001 410 4067 tubalea
427 4006 542 4067 ballum
561 4004 773 4068 fornicatiouis
794 4004 958 4085 adjungere
979 4004 1049 4065 tiliis
1072 4002 1160 4080 Seth,
1195 4013 1232 4062 ut

119 4085 373 4169 concupiscerent
392 4090 469 4152 filias
490 4092 582 4166 Cain,
600 4103 630 4154 st
650 4091 769 4172 profusi
790 4101 998 4172 apparuerunt
1017 4090 1151 4168 gigantes
1171 4107 1230 4147 su·-

118 4190 175 4250 pea
203 4181 315 4237 terram
345 4176 383 4237 de
413 4175 503 4253 Seth,
542 4178 595 4258 qui
616 4179 649 4239 in
670 4177 806 4259 peccati
801 4177 929 4238 foveam
950 4177 1026 4258 lapsi
1048 4173 1229 4235 atrocissimi

118 4255 250 4321 sacrum
293 4261 361 4323 Et
347 4272 448 4326 uatus
469 4264 618 4325 Dominus
636 4264 745 4325 lleua
737 4284 770 4324 ιιι
791 4262 963 4344 expletione
985 4261 1110 4324 secundi
1132 4259 1227 4319 milla

119 4342 197 4403 narii
217 4344 333 4409 factum
355 4359 401 4411 est
422 4349 571 4411 diluvium
594 4370 757 4431 aquarum,
779 4358 836 4412 etc
892 4376 895 4385 ·
