2992 4894
521 324 827 393 catenario.
879 322 881 333 ’
1192 338 1238 409 11

120 505 196 567 licet
214 505 325 567 Petrus
345 501 402 563 iate
424 499 647 563 Alexandrinus
669 500 813 565 Chronici
831 509 939 565 auctor
964 504 1133 579 ertitiasct,
1158 506 1243 584 quad

122 590 235 674 procul
251 599 299 653 est
311 611 329 649 a
343 607 428 666 vero,
450 587 497 647 uti
510 607 585 649 mcx
602 587 806 667 ostendemus,
830 587 1068 650 Alexandrinum
1080 589 1150 651 ideo
1163 590 1243 655 illud
1293 620 1294 627 ¹

124 697 237 743 vocare
252 674 399 735 debuerit.
441 674 518 734 Nam
533 682 569 735 ut
581 675 623 735 ita
636 673 805 752 diceretur,
826 675 1058 753 recessesunt,
1080 686 1116 737 ut
1130 677 1179 737 vel
1194 697 1243 743 aes

126 760 350 824 Alexandrinas
366 760 514 821 duntaxat
525 759 794 840 complecteretur,
816 759 1069 840 quemadmodum
1083 782 1161 844 opus
1176 764 1245 831 cal-

124 848 210 911 linici
223 845 394 927 Sophistse,
416 850 468 925 qui
482 845 538 905 sub
555 844 690 906 Gsllieuo
706 846 787 909 vixit
796 844 840 925 ¹),
859 854 889 925 et
903 867 935 907 m
949 845 1036 911 libris
1050 866 1098 907 res
1114 849 1244 911 Alexan-

126 935 232 1001 drinas
254 941 434 1013 persecutus
454 941 518 1008 eat,
539 930 683 1010 qnodque
701 931 844 995 laudatur
865 932 904 993 ab
920 933 1105 1014 Hieronymo
1119 932 1172 1011 2);
1193 935 1244 997 vel

124 1020 406 1083 Alexandrinorum
422 1017 596 1079 Praesulum
609 1016 780 1094 buteriam,
801 1027 837 1081 ut
850 1017 1021 1081 Chroniccn
1034 1017 1192 1099 tumenti,
1214 1031 1245 1081 et

123 1106 205 1167 illud
218 1105 304 1186 qnod
310 1104 465 1169 Orientale
479 1112 608 1178 vocant,
627 1104 711 1184 typia
718 1104 815 1185 Regiis
829 1104 960 1168 edium:
981 1105 1032 1168 vet
1046 1106 1150 1166 saltem
1167 1116 1244 1169 tem·

124 1212 205 1273 pora
224 1191 392 1257 secundum
410 1187 687 1255 Alexandrinorum
711 1211 811 1253 aeram
833 1212 870 1252 ac
891 1189 1024 1271 epochas
1041 1193 1074 1254 in
1094 1213 1129 1252 eo
1145 1191 1245 1269 exige·

125 1287 254 1355 rentur,
273 1274 428 1357 quamodo
450 1274 581 1339 lacobus
601 1274 744 1357 anacius
759 1271 797 1362 ³)
825 1276 999 1341 chronicon
1016 1277 1097 1339 illud
1113 1277 1245 1339 Alexan·

128 1363 251 1429 dainum
266 1383 306 1427 cx
314 1360 504 1427 Bibliotheca
518 1364 652 1424 Puteana
665 1363 814 1444 appellat,
839 1364 923 1445 quod
938 1365 970 1424 in
985 1385 1022 1427 oo
1032 1385 1097 1425 nou
1109 1384 1151 1427 ex
1163 1365 1245 1423 Coss.
1263 1366 1289 1422 V

128 1449 276 1515 duntaxat
298 1448 459 1525 Romanis,
496 1447 557 1511 'aed
580 1448 670 1513 etiem
695 1469 732 1511 ea
756 1470 813 1511 suo
834 1451 992 1528 Augustali
1018 1471 1115 1513 annos
1139 1459 1247 1530 putent

128 1533 336 1599 Alexandrini.
381 1532 474 1608 Quod
487 1532 610 1614 quidem
627 1535 795 1597 Puteanum
807 1534 979 1600 Chronicoa
992 1535 1186 1616 idemipsum
1201 1545 1248 1597 est

128 1619 214 1701 quod
227 1619 322 1681 edidit
341 1620 474 1700 Scaliger
486 1629 557 1699 past
575 1619 697 1683 Eusebii
711 1620 898 1697 chronicon,
919 1620 982 1683 hoc
996 1622 1101 1685 titulo:
1122 1619 1246 1685 Επαιν-

126 1720 183 1788 pta
197 1727 240 1766 aar
258 1707 360 1788 priore
373 1703 452 1771 libro
468 1701 686 1786 Cbrcncloga'co
698 1704 818 1769 Eusebia·
830 1723 859 1769 et
873 1704 1029 1791 Africano
1044 1722 1072 1768 et
1085 1704 1170 1783 aliie,
1192 1703 1245 1766 lc·

126 1793 188 1850 tine
204 1813 346 1852 conversa
363 1789 533 1853 abdomine
549 1789 695 1871 barbaro,
714 1794 829 1875 inepto,
851 1790 1032 1857 Hednbmi
1046 1807 1074 1855 ct
1087 1791 1245 1854 Latinita-

126 1876 166 1937 tis
176 1877 405 1959 imperitiaaimn

213 2045 264 2109 vl.
307 2046 346 2109 Id
364 2048 517 2111 enimvero
539 2049 729 2127 chronicon,
752 2050 836 2131 quod
849 2048 1026 2131 Farraginie
1043 2044 1284 2113 Alexandri-lt
1302 2050 1412 2107 nominis

126 2152 184 2191 aaa
204 2132 344 2195 lemmate
362 2154 425 2195 non
449 2134 542 2195 semel
560 2137 664 2198 laudat
678 2136 807 2199 lacobus
833 2133 1099 2217 Gottclredus4),
1120 2121 1394 2196 etunde⁰hr⁰1¹¹002

127 2235 185 2275 sua
197 2214 301 2279 bausit
321 2219 468 2298 Scaliger,
490 2231 629 2285 servatur
643 2222 736 2283 hodie
758 2222 792 2285 ia
806 2219 996 2281 Bibliotheca
1010 2221 1121 2298 Regia,
1142 2221 1174 2279 in
1193 2192 1414 2314 cspqpodssqeor:

126 2299 199 2365 dica
221 2301 426 2382 membraneo,
453 2304 565 2385 literis,
588 2307 636 2369 uti
649 2316 777 2383 vocant,
800 2305 971 2366 nunninae
985 2306 1153 2384 descripto,
1174 2279 1294 2384 pro-g}l
1309 2279 1413 2384 ffiss.

124 2386 259 2468 indeque
279 2391 409 2469 potioris
430 2391 553 2453 omnino
582 2391 787 2472 antiquitatis,
806 2392 842 2451 in
864 2389 951 2470 cujus
968 2390 1071 2451 limine
1085 2390 1249 2450 recentiori
1257 2347 1344 2454 laneis
1366 2418 1414 2455 no-

124 2475 233 2556 paullc
252 2472 445 2553 charactere,
467 2478 522 2539 aad
545 2479 598 2558 qui
616 2478 724 2541 Caroli·
738 2476 824 2539 Calvi
844 2485 972 2537 aetatem
983 2473 1116 2551 redolet,
1138 2474 1248 2535 haecce
1256 2486 1313 2521 ¹¹¹0ss
1337 2487 1415 2553 Ρῐθῖ·
1452 2520 1461 2543 i

125 2559 448 2641 meoparonem
471 2558 640 2631 carneae».
656 2560 777 2645 Georgo
789 2560 1004 2627 metaneae
1015 2557 1170 2642 apaten,
1191 2539 1315 2660 agfgft
1328 2557 1412 2664 ᾖς»

125 2647 206 2709 noua
226 2644 285 2709 alii
302 2644 425 2726 dicant,
458 2646 593 2711 Victoris
612 2650 794 2713 Turonensis
815 2644 967 2729 Epiacopi.
1012 2645 1130 2707 lleainit
1148 2657 1249 2709 autem
1276 2624 1328 2662 (mv

125 2730 213 2795 istud
232 2731 405 2797 cnroaioon
425 2734 609 2817 intempore
627 2734 777 2799 Auasmsii
797 2731 917 2808 Dicori,
942 2751 1003 2812 quo
1018 2731 1138 2795 demum
1153 2732 1250 2812 impe-

125 2825 216 2881 rante
229 2817 354 2881 videtur
375 2818 469 2881 faiam
492 2822 680 2895 confectum
702 2840 772 2883 cum
785 2818 963 2899 praesertim
980 2817 1015 2877 in
1026 2817 1250 2897 imperatorum

124 2901 214 2981 serie,
236 2923 330 2982 quam
345 2914 452 2969 auctor
468 2904 646 2987 descripsit,
665 2915 697 2970 et
708 2908 740 2967 in
758 2924 819 2985 qao
833 2903 957 2984 Imperii
971 2923 1067 2967 annos
1083 2903 1250 2982 unicuique

125 2987 283 3068 appingit,
312 2990 345 3053 in
368 2991 518 3053 &nonem
531 3002 561 3057 et
575 2993 766 3055 tannetum
780 2989 914 3066 desinat,
944 2989 1061 3051 amieria
1074 3008 1177 3053 aarum
1189 2989 1250 3051 Im.

124 3075 205 3153 perii
229 3076 326 3139 annis.
367 3076 463 3139 Porro
487 3078 650 3157 Georgium
668 3078 852 3158 Episcopum
874 3074 1121 3152 tucianensem,
1156 3076 1249 3154 quia

126 3158 238 3221 Garolo
260 3161 512 3243 Magqollomam
526 3166 654 3244 Legatua
672 3165 783 3227 missua
795 3171 842 3227 est
854 3160 937 3223 circa
950 3182 1063 3223 annum
1077 3179 1247 3226 nocuum.
1364 3214 1366 3227 .

123 3253 161 3306 ut
178 3252 309 3311 tentor
328 3246 503 3311 Anastasius
517 3247 561 3333 ⁶)
579 3270 669 3313 namo
683 3250 801 3311 fortean
820 3247 895 3326 erit,
917 3248 971 3329 qui
986 3266 1026 3309 ex
1046 3245 1141 3307 hacce
1153 3268 1248 3326 appo·
1264 3256 1321 3314 1³5

125 3330 185 3393 sita
201 3331 306 3395 cndict
317 3333 516 3413 inscriptione
533 3345 686 3399 auctorem
700 3335 775 3397 velit
789 3353 941 3397 aremare:
969 3341 1033 3392 tum
1047 3332 1130 3411 quod
1146 3352 1179 3391 es
1199 3353 1248 3393 ae-

126 3425 187 3483 late
201 3416 352 3498 ejusmodi
369 3421 402 3479 in
422 3419 517 3483 letina
531 3421 633 3501 lingna
652 3420 808 3482 barbaries
826 3420 858 3482 in
877 3417 976 3479 Gallia
988 3416 1111 3477 minima
1128 3417 1246 3477 obtine·

126 3511 193 3580 ret,
225 3512 293 3567 tum
311 3505 400 3569 etiam
417 3505 499 3585 qued
522 3507 578 3573 etsi
595 3507 716 3585 Georgii
735 3503 882 3586 Episcopi
903 3503 1112 3567 Ambisnenais
1134 3524 1246 3565 nomen

126 3587 296 3667 praeferat,
317 3589 383 3653 fieri
404 3591 502 3675 possit
519 3602 554 3653 ut
566 3592 713 3675 ejusmodi
734 3591 848 3653 similes
869 3590 950 3653 torte
972 3589 1090 3668 aliquot
1103 3589 1257 3650 lucubrat-t

127 3673 228 3735 aiones
245 3675 393 3753 emiserit,
422 3697 460 3741 cx
472 3678 581 3758 quibua
595 3677 703 3741 herum
715 3678 856 3741 conditor
867 3674 975 3737 haberi
990 3675 1142 3756 potnerit,
1170 3685 1248 3734 tam-

129 3758 186 3821 etsi
203 3781 243 3821 an
264 3760 291 3823 is
310 3762 459 3840 quaedam
481 3765 637 3844 scripserit
658 3765 810 3827 incertum
827 3782 955 3844 prorant
968 3771 1101 3823 maneat.
1143 3761 1248 3838 Neque

128 3844 244 3924 potiori
262 3845 332 3926 jure
352 3848 471 3913 Victori
492 3849 642 3932 Episcopo
666 3849 854 3928 Turoneaai,
874 3849 928 3930 qui
944 3849 1047 3913 nullas
1062 3848 1140 3926 fait,
1161 3846 1250 3909 debet

133 4009 342 4019 v---—-..—...*

164 4116 175 4148 l

164 4116 199 4286 :l
213 4116 359 4271 solbimllqeut.
376 4189 404 4242 in
421 4188 533 4250 Daniel..
697 4212 700 4219 ’

164 4255 195 4355 ⁴)
212 4255 327 4380 fumlqtpq.
343 4256 380 4380 qq
394 4257 580 4385 gdcqqepp
597 4260 679 4315 otfio.
697 4260 787 4316 Praei·
806 4263 916 4332 August.

164 4392 176 4424 ⁵
213 4392 244 4450 1a
261 4364 377 4451 sarim
395 4396 418 4452 ι.
457 4367 464 4383 ’
579 4368 586 4382 ’
