2996 4898
412 340 461 409 us
485 316 974 409 duodecennem
1165 324 1250 415 'aee

138 519 417 658 interest
440 502 1250 676 3ezrel‚tillittttltttttsre

140 704 181 745 ex
203 703 263 745 ono
285 682 387 764 lepide
407 680 572 741 constabat.
696 696 703 705 ··
1101 699 1106 709 ¹
1186 744 1189 751 ,

225 767 338 828 Verum
361 776 406 827 eet
428 768 469 825 La
490 765 640 845 [loquium
662 763 766 825 dicere
784 759 840 848 ¹),
865 769 1010 827 murtrum
1028 771 1133 846 purtem
1153 766 1258 826 loson·

47 843 57 866 ⁸
140 848 323 915 minaeorum
340 859 446 913 mum
466 872 480 911 e
501 853 604 912 declus
621 850 757 930 lapidibus
776 859 954 912 condrucium
974 872 1035 912 osso
1072 851 1142 931 Sed,
1163 870 1249 932 prae-

140 947 278 1019 terquam
302 939 384 1019 quod
405 938 439 997 id
460 947 576 998 tentum
598 936 636 996 de
657 937 786 996 maxime
808 948 896 1017 parte
917 938 1059 1012 affirmet,
1082 937 1182 997 dicere
1203 935 1250 995 li·-

74 1068 78 1081 .
141 1035 205 1096 cet,
226 1026 327 1104 quod,
351 1024 486 1103 quemvis
508 1043 565 1103 per
587 1023 662 1082 does
683 1021 888 1084 hebdomades
907 1022 1022 1085 Bolbsci
1039 1022 1196 1099 manserit,
1218 1030 1249 1081 st

141 1109 207 1191 ejus
229 1109 422 1189 antiquitstes
444 1110 482 1169 ed
503 1108 635 1169 lubitum
655 1109 886 1186 visitaverit‚,et
907 1110 976 1170 ideo
999 1109 1103 1190 plures
1126 1105 1249 1167 notities

140 1216 233 1276 quom
254 1194 475 1271 Muundrellius,
511 1194 563 1274 qui
587 1215 626 1255 ne
644 1196 793 1273 integrum
816 1195 937 1274 quidem
959 1198 1039 1255 diem
1062 1194 1106 1252 ibi
1126 1195 1250 1272 impen-

141 1281 204 1353 dit,
225 1290 344 1354 nerret3
377 1290 478 1340 tamen
498 1279 682 1349 Moundrellii
701 1280 907 1341 testimonium
928 1288 959 1340 in
981 1280 1041 1340 hoc
1062 1299 1134 1338 casu
1156 1277 1250 1357 magis

9 1422 11 1439 p
140 1365 360 1427 admittendum
383 1387 461 1443 esse,
484 1366 624 1446 quonism
647 1387 663 1425 s
687 1366 806 1427 duobus
829 1367 951 1428 Graecis
973 1365 1163 1442 auctoribus,
1193 1383 1247 1423 su-

91 1472 96 1477 ’
136 1472 197 1533 pra
219 1451 368 1523 leudulis,
397 1451 607 1527 confirmetur,
636 1470 743 1531 nempe
766 1453 894 1513 circuio
915 1463 946 1515 et
966 1448 1091 1512 erlelu:
1116 1472 1186 1510 nem
1213 1458 1250 1509 ut

137 1536 325 1600 Moundrellii
349 1540 484 1598 uenatio
515 1538 664 1620 explicat,
696 1538 849 1617 quomodo
879 1558 983 1600 eorum
1005 1536 1099 1598 verbe
1119 1534 1250 1614 intelligi

138 1621 286 1702 debeant,
305 1621 349 1682 sic
370 1623 416 1682 illi
438 1625 474 1683 ab
490 1623 594 1684 altere
614 1632 700 1703 perte
720 1625 878 1684 veritatem
899 1623 1016 1686 numeri
1036 1624 1069 1682 in
1091 1622 1156 1703 ejus
1178 1640 1250 1681 ner·

136 1704 255 1769 ratione
280 1708 461 1783 ostendunt3
495 1711 636 1788 quoniam
659 1716 743 1768 certo
767 1710 879 1769 certius
901 1721 962 1786 est,
990 1707 1073 1769 hunc
1095 1716 1252 1767 auctorem

68 1844 76 1855 ,
132 1793 277 1853 notitiam
297 1814 360 1853 non
379 1787 522 1854 habuisse
548 1813 670 1867 eorum,
695 1811 771 1871 quae
793 1794 831 1855 de
852 1793 910 1855 hec
931 1812 966 1856 re
989 1794 1190 1879 scripserant,
1219 1800 1250 1852 et
1330 1856 1333 1861 ⁴

136 1879 230 1959 plene
251 1898 356 1939 eorum
382 1881 587 1942 ΤΡΙΛΙΘΟΝ
604 1879 766 1957 ignorasse.
1211 1912 1214 1917 ⁴

221 1963 266 2024 Ne
296 1964 365 2027 ideo
393 1964 576 2027 Moundrellii
602 1963 802 2043 diligentiam,
832 1962 1070 2027 exactitudinem
1100 1970 1132 2024 et
1156 1960 1217 2022 lide

135 2048 187 2111 Lu
206 2049 312 2130 lilioso
330 2049 445 2111 meritis
471 2053 677 2131 praeferemus
690 2047 742 2135 ²);
773 2052 1014 2112 animadvertere
1040 2050 1130 2127 lieet,
1157 2047 1250 2129 hujus

135 2136 270 2196 auctoris
291 2156 439 2215 errorem,
464 2135 538 2197 dum
559 2138 646 2218 pouit
669 2137 736 2197 duos
758 2137 864 2216 lapidee
884 2139 954 2197 loco
973 2139 1072 2213 intem,
1102 2133 1173 2194 inde
1195 2152 1249 2194 or-

131 2229 202 2281 tum
231 2219 392 2296 habuisse,
422 2224 505 2302 quod
526 2224 659 2304 primum
678 2220 759 2282 hene
781 2224 1019 2284 observationem
1041 2222 1073 2281 in
1095 2219 1250 2281 schedulis

135 2307 200 2367 suis
221 2326 277 2386 per
298 2306 425 2388 figuram
447 2309 580 2385 numeri,
612 2317 648 2372 et,
664 2328 725 2368 non
748 2308 849 2389 verbis
872 2308 1080 2384 adnotaverit3
1113 2306 1158 2365 sic
1179 2312 1251 2386 post

133 2392 258 2472 triginta
287 2402 317 2453 et
345 2394 450 2475 plures
481 2415 575 2456 annos
589 2391 627 2479 ⁸)
656 2415 725 2454 curn
744 2390 970 2455 observationes
989 2410 1058 2453 sues
1079 2398 1250 2453 recenseret

135 2487 168 2539 st
187 2480 219 2539 in
240 2477 340 2539 lucem
361 2479 478 2558 ederet,
512 2480 674 2542 tollebatur
690 2479 733 2540 in
762 2498 908 2559 numero,
937 2486 968 2541 et
992 2478 1126 2561 ponebat
1145 2483 1176 2543 Ξ.
1197 2475 1249 2536 Ιο-

135 2583 174 2624 co
196 2568 226 2630 8.
459 2564 464 2570 ”
643 2582 646 2589 ’
946 2607 952 2619 .

129 2678 133 2687 ,
221 2648 300 2728 Ergo
327 2668 434 2710 secure
464 2649 660 2731 adquiescere
679 2670 847 2732 possumus
868 2645 1247 2724 mondisderiensium,

131 2743 198 2795 tam
228 2734 303 2796 bene
325 2736 484 2797 suffultaet
515 2746 546 2797 et
576 2758 615 2798 ex
636 2738 809 2798 testimonio
832 2738 962 2798 duorum
986 2737 1171 2796 Graecorum
1192 2752 1249 2791 eu·
1348 2728 1351 2737 ’

68 2876 75 2880 .
135 2829 273 2894 dorum,
298 2821 349 2880 cui
381 2823 499 2884 secedit
526 2822 610 2883 illios
640 2825 805 2884 auctoritas
812 2869 821 2899 ‚
851 2822 908 2883 hee
930 2824 1005 2885 dues
1028 2819 1250 2894 conclusiones,

133 2913 172 2965 ut
192 2906 254 2965 duo
276 2904 481 2969 demonstrate
503 2908 685 2987 Corollsrie,
712 2906 848 2987 efficere,
878 2930 956 2990 quse
978 2929 1028 2987 ea,
1058 2927 1134 2990 quae
1155 2925 1250 2988 supra

133 2989 419 3053 contradictorium
441 2994 474 3053 in
495 2994 628 3056 medium
650 2996 756 3074 attuli,
779 2996 1008 3058 confirmabunt.

220 3076 338 3152 Primo,
365 3079 526 3159 Templum
554 3081 736 3160 Heliopoleos,
766 3080 852 3163 cujus
878 3084 992 3142 mentio
1020 3079 1055 3140 fit
1075 3078 1107 3139 in
1130 3077 1249 3138 Graeco

134 3159 267 3222 cirues
288 3171 319 3223 et
339 3162 465 3240 Mento,
497 3165 578 3224 idern
599 3186 665 3226 esse
688 3174 779 3246 etque
801 3163 897 3244 illud,
930 3165 1013 3248 quod
1045 3163 1249 3225 Moundrellstts

130 3254 165 3306 et
193 3247 244 3306 alii
272 3247 418 3308 itinerum
444 3268 571 3310 suorum
600 3252 763 3332 scriptores
790 3251 906 3320 Bulleoi
934 3249 1088 3326 viderint,
1129 3254 1160 3310 et
1184 3266 1249 3307 non

132 3332 281 3414 templum
304 3334 393 3395 Ouios
412 3335 445 3394 in
465 3337 596 3416 Aegypto.

113 3468 115 3473 .
219 3421 378 3496 Secundo,
399 3421 476 3481 Cum
496 3421 644 3482 Βαὶὁεαοη
664 3442 761 3503 prope
782 3430 916 3482 montem
937 3420 1091 3494 libencio,
1112 3424 1166 3476 sut
1185 3435 1248 3496 po-

130 3500 195 3564 tius
223 3502 409 3567 decisionum
437 3506 529 3567 sitnm
559 3507 614 3585 sit,
640 3508 673 3568 in
700 3516 789 3590 perte
812 3507 930 3588 Syrius,
960 3511 1127 3589 quaesere
1150 3498 1249 3563 Coele-

132 3587 223 3669 Syrio
251 3590 440 3672 vocabatur,
471 3590 622 3671 Heliopolis
645 3594 777 3655 drumm
801 3592 986 3655 Graecorum
1017 3597 1178 3649 suetorum
1200 3594 1247 3647 est

133 3675 239 3736 eedem
260 3677 451 3759 urbs,·ques
470 3678 636 3754 Bellicum,
658 3690 690 3741 et
709 3701 771 3741 nou
792 3680 943 3760 Heliopolis
968 3673 1110 3757 Aegypti.

121 3772 123 3775 ’
221 3761 309 3823 Circe
332 3762 393 3824 hoc
416 3764 557 3827 ultimum
580 3774 674 3847 ceput
693 3766 800 3846 plures
825 3766 900 3828 elios
929 3772 1068 3825 suctores
1094 3757 1248 3819 adducere

131 3860 271 3926 possem,
307 3850 362 3928 qui
381 3849 607 3943 demonstrent,
640 3851 691 3913 vel
715 3852 823 3914 saltem
845 3850 1013 3928 affirmant,
1042 3844 1196 3928 Heliopolis
1216 3850 1247 3905 et

168 4099 217 4169 lt
243 4099 353 4172 Voyegs
368 4100 403 4158 ds
419 4101 499 4175 Syris
515 4104 552 4163 Τ.
568 4104 591 4160 Ι.
609 4123 636 4177 ρ.
653 4109 713 4165 119.

120 4212 123 4217 “
167 4200 208 4271 2)
241 4202 319 4258 hicet
335 4205 417 4260 multe
431 4206 550 4278 exempla
567 4224 666 4278 perses
682 4207 836 4280 Qudne
852 4209 981 4266 sddwsre
997 4223 1100 4282 poem
1116 4208 1167 4261 eto·

167 4300 207 4375 8)
239 4306 350 4363 Bolleci
365 4315 422 4363 erut
437 4326 525 4364 nense
538 4308 678 4369 Neronis.
696 4313 743 4366 sto.
756 4313 834 4370 1689.
851 4319 880 4367 st
896 4312 990 4368 librum
1006 4312 1034 4368 tu
1050 4311 1133 4366 lucem
1149 4303 1246 4363 debet

202 4375 252 4434 An.
269 4378 348 4435 1722
363 4378 553 4436 wormes
568 4383 615 4439 20.
630 4380 748 4440 lsuouii
765 4383 822 4454 ejus
839 4382 900 4441 suoi
916 4390 1019 4439 nonus.
