2944 4896
414 288 616 359 GHRONICI
640 289 870 356 PASGHALIS.

81 454 261 519 Alexander
272 454 451 516 Mammaeae
464 456 561 532 lilius,
582 456 760 517 interfectus
775 467 837 534 est,
859 477 927 517 ann.
941 478 1010 523 aur.

82 542 255 614 Maximus,
276 543 302 601 is
315 542 470 621 Aquileiae
488 541 666 603 interfectus
681 552 742 621 est,
764 564 832 603 ann.
847 565 893 604 111.

83 627 253 707 Pompinus
270 648 338 687 curn
352 627 461 687 Albino
470 673 479 704 ,
499 647 614 688 mensu
629 632 677 689 1112

83 714 272 785 Gordianus,
285 713 393 792 laqueo
402 713 458 772 sibi
469 714 567 790 gulam
576 714 664 791 tregit
673 715 705 772 in
713 714 827 774 Africa.
851 714 882 772 ls
895 715 1054 794 imperavit
1070 736 1138 777 ann.
1149 736 1190 776 vr.

80 798 254 879 Philippus.
276 798 494 858 ls'interiectus
511 799 600 859 estin
613 797 709 860 hortis
724 800 877 876 Varianis,
900 821 968 860 ann.
986 821 1042 861 vu.

81 885 210 958 Decius,
232 883 408 943 interfectus
421 894 466 944 est
481 884 513 945 in
528 884 552 942 F
554 905 625 964 oro,
649 905 717 971 aun.
732 907 753 945 1.

82 970 192 1028 Gallus
211 979 243 1029 et
257 969 457 1044 Volusianus,
478 990 547 1029 ann.
558 991 591 1030 11.

83 1055 266 1115 Galerianus
281 1063 312 1114 et
332 1055 495 1133 Galienus,
520 1077 589 1117 ann.
605 1073 659 1113 xv.

84 1140 230 1200 Claudius
243 1185 252 1216 ,
275 1160 342 1201 ann.
356 1161 377 1203 1.

83 1225 284 1298 Aurelianus,
307 1246 432 1286 sun.v1.

83 1311 206 1370 Tacitus
223 1320 255 1371 et
271 1310 445 1391 Florianus,
467 1331 582 1372 menses
595 1334 637 1373 vr.
728 1358 733 1368 .

85 1396 218 1470 Probus,
242 1417 312 1455 ann.
330 1418 383 1456 vn.

86 1482 194 1558 Carus,
219 1501 291 1541 cum
306 1482 376 1541 filiis
391 1482 498 1542 Carino
516 1492 548 1542 et
560 1482 756 1558 Numeriano,
783 1478 849 1543 ann.
865 1505 898 1543 11.

86 1566 291 1628 Diocletianus
305 1577 335 1627 et
350 1568 547 1628 Maximianus
560 1566 735 1645 Herculius,
757 1591 826 1631 ann.
841 1590 927 1629 xxsv.

86 1652 286 1712 Maximianus
302 1653 457 1729 Galerius,
481 1664 514 1712 ct
527 1653 694 1735 Maxentius
707 1655 838 1715 Heraclii
851 1655 945 1732 lilius,
969 1676 1037 1715 ann.
1053 1677 1097 1716 rx.
1119 1656 1188 1716 Col-

169 1735 307 1815 liguntur
320 1739 391 1798 anni
410 1759 527 1800 cccmx.
544 1749 575 1799 et
593 1760 709 1800 menses
724 1762 768 1804 vr.
1189 1811 1191 1814 y

88 1820 242 1882 Achristi
262 1825 447 1901 Nativitate,
471 1825 621 1904 usquead
644 1825 902 1908 inaugurationem
924 1826 1113 1885 Constantini
1127 1826 1188 1885 Ma-

169 1909 238 1985 gni,
263 1909 334 1968 anni
350 1929 478 1972 cccxvn.
502 1931 619 1970 menses
633 1931 674 1973 vr.
714 1910 720 1927 '

89 1991 232 2074 Deinceps
248 2004 401 2073 quotquot
420 1996 554 2075 Byzantii
567 2005 734 2075 regnarunt
745 1996 945 2077 Imperatores
959 1997 1085 2058 Romani
1101 1993 1188 2056 Chri-

168 2079 262 2138 stiani
285 2080 457 2140 orthodoxi.
1130 2110 1132 2113 ·

90 2162 299 2229 Constantinus
312 2166 455 2244 Magnus,
478 2186 548 2225 ann.
566 2185 665 2227 xxxn.

88 2248 280 2310 Constantius
295 2251 378 2310 illius
394 2250 473 2310 filius
483 2296 492 2327 ,
516 2251 662 2324 Asianus,
685 2270 752 2310 ann.
772 2270 857 2308 xx1v.

89 2333 218 2394 Julianus
230 2336 394 2417 Apostata,
418 2356 487 2396 aun.
502 2356 536 2395 11.
557 2344 588 2395 et
607 2334 774 2394 dimidium.

88 2418 240 2497 lovianus,
268 2443 335 2485 ann.
349 2442 371 2480 1.

89 2502 328 2581 Valentinianus,
349 2527 417 2566 ann
433 2526 478 2569 11.

90 2586 207 2669 Valens,
227 2592 378 2669 Asianus,
400 2613 467 2651 ann.
481 2611 547 2651 xlv.
936 2664 938 2669 ι
1177 2646 1179 2649 ,

91 2672 274 2738 Theodosius
289 2678 413 2757 Magnus
428 2687 458 2738 et
470 2676 634 2738 Gratianus
647 2677 775 2750 Romae,
792 2683 822 2735 et
833 2673 1060 2735 Valentinianus
1072 2674 1187 2751 Junior,

170 2783 236 2823 ann.
252 2784 320 2824 xva.
471 2820 474 2828 ,

92 2842 247 2925 Arcadius,
272 2846 352 2907 filius
364 2848 464 2924 illius,
486 2864 555 2907 ann.
568 2866 643 2907 xxv.
661 2864 777 2905 menses
792 2865 838 2904 nr.

93 2926 293 3009 Theodosius,
314 2932 436 2993 Arcadii
456 2931 553 3009 tilius,
575 2953 645 2993 cum
667 2930 801 2993 Eudocia
821 2950 936 3007 uxore,
958 2942 989 2990 et
1004 2949 1109 2992 sorore
1132 2951 1185 2989 sua

170 3018 343 3094 Pulcheria,
365 3040 432 3082 ann.
445 3039 520 3077 xnu.
787 3086 790 3091 ἱ

94 3097 272 3181 Marcianus,
293 3104 374 3165 illius
389 3102 501 3180 affinis,
525 3122 593 3163 cum
606 3122 704 3163 uxore
722 3099 892 3179 Pulcheria
904 3100 1042 3162 condidit
1055 3101 1187 3160 Chalco-

172 3191 269 3269 pratia
284 3199 314 3250 et
329 3189 512 3251 Blachernas
519 3233 529 3264 ,
553 3207 621 3247 ann.
635 3208 676 3248 vr.

94 3267 149 3329 Leo
162 3272 303 3354 Magnus,
326 3294 499 3365 ann.xv1}1.

94 3352 149 3414 leo
165 3358 278 3438 Minor,
300 3382 370 3422 ann.
386 3383 408 3421 1.
1283 3423 1286 3430 ,

96 3437 169 3500 Zeno
184 3443 326 3528 Azepha,
354 3444 581 3525 cognominatus
596 3440 709 3518 absque
722 3438 857 3516 genibus,
874 3449 903 3504 et
917 3438 1009 3515 filius,
1026 3459 1093 3501 ann.
1107 3460 1187 3503 xvir.

95 3522 260 3591 Anastasius
275 3553 360 3611 cogn.
375 3533 521 3606 Dicorus,
544 3548 611 3590 ann.
626 3544 728 3585 xxm.
788 3573 791 3582 .
1069 3530 1072 3537 ’

95 3608 219 3675 lustinus
233 3618 257 3677 Ι.
276 3638 343 3678 ann.
356 3639 400 3678 rx.

95 3733 269 3802 lastinianus
282 3744 306 3802 1.
335 3741 392 3801 Hic
408 3741 542 3815 condidit
558 3759 693 3818 magnam
704 3704 889 3812 Ecclesiam,
904 3747 1099 3829 annaxxrx.
1170 3784 1173 3790 .

95 3858 220 3926 lustinus
235 3868 357 3947 Junior,
382 3888 448 3931 ann.
464 3888 531 3928 xm.
642 3916 646 3923 .

95 3943 241 4029 Tiberius,
263 3973 330 4014 ann·
343 3974 387 4013 vr.

96 4026 266 4116 Mauricius,
288 4059 420 4102 annxx.
457 4082 461 4093 .

95 4110 201 4190 Vocas,
222 4133 368 4203 tyrannm
385 4122 541 4199 Mauricii,
564 4141 631 4182 ann.
644 4141 724 4181 vnn·
787 4154 802 4175 ν
827 4170 831 4179 ,
932 4160 945 4173 ··

96 4195 262 4287 Heraclius,
284 4207 497 4283 Monothelita,
519 4227 588 4270 aun.
601 4228 687 4268 xxxi.

98 4282 314 4375 Constantinus,
336 4294 418 4355 illius
435 4291 531 4366 filius,
555 4313 624 4355 ann.
637 4311 734 4354 xxvn.
