2992 4894
273 270 323 344 to
543 259 546 268 ·
675 226 984 328 ranararro.

106 448 305 503 illimaacto*
358 439 397 499 X.
440 436 548 513 Quoad
561 435 655 516 igitur
669 445 797 503 aetatem
816 437 950 498 auctoris
967 435 1125 513 Chronici,
1148 456 1219 499 cum
1232 445 1382 498 nouutns

124 530 173 573 Μ
189 518 255 572 ‘¹⁰⁰²
273 525 408 587 extiterit
423 545 441 583 a
456 540 517 603 quo
533 522 741 583 elucubratum
765 524 875 603 fuerit,
899 532 1016 583 constat
1036 523 1143 605 saltem
1161 524 1263 598 illum,
1286 544 1381 603 aquo

123 590 191 642 'lle‘
205 589 255 672 'ul‘
273 612 312 671 ad
324 610 496 670 Heraclium
508 609 689 691 perductum
712 618 773 687 est,
793 631 854 669 non
874 629 938 670 esse
953 610 1049 669 totius
1069 608 1169 689 operis
1189 610 1381 690 scriptorem,

106 657 270 721 Constantio,
432 695 438 709 .
635 694 642 708 .
972 695 991 709 ,.
1163 694 1170 708 .
1335 694 1342 706 .
1374 694 1381 707 .

124 728 193 781 ,lm
206 728 254 781 „b
271 697 325 756 sed
351 696 500 771 alterius,¹
524 694 608 774 quod
632 715 666 753 m
689 714 798 757 sunum
826 696 993 756 Constantu
1018 715 1096 755 xvia.
1119 715 1173 774 qur
1201 704 1247 755 est
1273 692 1383 755 carna

124 796 248 851 Heraclio
272 798 389 843 nomm.
411 781 547 850 desierit,
572 778 815 851 Coritinuatorem
838 790 868 842 et
887 780 1147 860 interpolatorem.
1188 780 1224 840 Id
1237 780 1383 841 docemur

45 866 49 879 '
141 866 218 922 vixit·
250 863 447 950 ¹praesertim
469 887 508 926 ex
524 865 690 926 doctissimi
707 866 855 926 Holstenii
879 866 1159 939 observationibus,
1187 886 1261 946 quas
1279 864 1383 925 Codici

272 975 331 1014 suo
345 952 487 1015 Chronici
500 951 697 1012 Alexandrini
714 952 796 1014 edito
815 952 941 1012 subinde
956 952 1111 1023 affixerat,
1131 950 1217 1012 hisce
1236 950 1276 1013 ad
1297 971 1383 1031 pras·

273 1040 387 1102 dictum
412 1058 523 1099 annum
547 1039 728 1114 Constantii,
756 1037 920 1118 posthaec
943 1038 1051 1113 verba,
1081 1037 1172 1100 εἰδῶν
1192 1030 1381 1119 Αὐγούστου,

273 1126 451 1204 adscriptis:
466 1120 531 1183 Hic
541 1121 628 1186 desiit
638 1139 742 1187 arctor
755 1119 973 1185 CHRONIGI
984 1118 1249 1198 PASCHALIS,
1267 1138 1383 1184 curura

273 1227 342 1273 sunt
365 1208 593 1273 continuatoris.
644 1210 679 1269 ld
699 1220 780 1270 certe
810 1209 1012 1270 subodoratus
1031 1202 1130 1268 fuerat
1149 1208 1197 1268 vir
1219 1207 1382 1269 admodum

271 1317 366 1375 sagax
379 1293 558 1357 Franciscus
572 1293 726 1370 Pithoeus,
748 1294 801 1375 qui
817 1295 854 1355 de
867 1295 926 1367 hoc
945 1294 1095 1355 Chronico
1109 1295 1204 1355 verba
1218 1291 1382 1375 faciensl),

271 1383 372 1449 aiebat
386 1380 465 1441 illud
480 1379 578 1441 videri
599 1382 744 1462 scriptum
768 1381 874 1442 ultimo
892 1381 991 1459 Magni
1007 1379 1195 1441 Constantini
1212 1400 1308 1457 anno,
1330 1379 1354 1437 F
1355 1399 1383 1438 e-
1405 1408 1407 1411 ·

270 1469 384 1529 liciano
402 1476 433 1527 et
448 1466 573 1526 Tatiano
588 1467 670 1528 Coss.
715 1467 789 1527 Inde
809 1487 880 1545 ergo
902 1462 1056 1545 colligitur
1078 1466 1210 1546 primum
1230 1474 1383 1525 auctorem

274 1553 423 1614 Paschalii
443 1552 555 1612 vixisse
577 1551 657 1615 cirea
676 1563 812 1634 tempora
833 1553 1014 1628 Constantii,
1046 1551 1157 1631 quibus
1182 1550 1283 1613 adhuc
1303 1550 1383 1628 vige-

273 1640 348 1700 bant
364 1638 402 1698 de
430 1636 580 1699 Pasobalis
601 1638 784 1701 Festivitatis
809 1637 858 1699 die
882 1638 1121 1699 controversiae:
1148 1657 1225 1716 quas
1246 1657 1317 1696 cum
1337 1655 1383 1695 re-

274 1725 467 1786 cruduissent
486 1725 542 1783 sub
557 1722 770 1801 Heraclio,‘ut
795 1723 874 1784 infra
896 1724 1110 1798 observamus,
1133 1724 1320 1783 occasionem
1340 1720 1384 1780 al-

273 1813 332 1872 teri
354 1810 549 1890 praebuerint
568 1809 710 1871 Paschale
731 1806 814 1870 istud
837 1809 1009 1873 Chronieon
1025 1808 1145 1889 pridem
1168 1808 1382 1888 conscriptum,

272 1897 438 1977 scriptoris
449 1896 614 1956 insistendo
629 1895 858 1977 computisticae
877 1895 1003 1969 rationi,
1027 1895 1069 1955 ad
1082 1915 1137 1954 sna
1157 1914 1253 1975 usque
1267 1905 1383 1972 tempo·

268 2002 306 2043 ra
326 1981 527 2063 perducendi,
549 1992 639 2061 atque
659 1982 735 2042 adeo
758 1981 890 2061 priorem
908 1980 987 2041 hanc
1009 1980 1172 2041 editionem
1193 1979 1322 2045 subinde
1339 1977 1383 2036 in·

270 2066 463 2147 terpolandi,
497 2067 568 2137 duni
588 2087 640 2126 sua
662 2069 713 2128 vel
736 2068 835 2153 aliena·
851 2066 1047 2129 intermiscet.
1090 2065 1178 2127 Prius
1194 2065 1277 2125 istud
1291 2063 1384 2125 Chro·

270 2153 362 2211 nicon
381 2152 459 2212 vidit
481 2152 671 2228 Holstenius,
702 2162 733 2213 et
758 2162 904 2231 quantum
925 2152 1077 2233 conjicere
1102 2151 1190 2225 licet,
1213 2170 1252 2210 ex
1275 2149 1385 2209 Codice

268 2237 332 2297 MS.
346 2258 449 2316 quem,
473 2248 507 2298 ut
522 2259 561 2298 ex
574 2240 609 2300 V.
625 2241 657 2297 C.
672 2238 808 2300 Emerico
822 2239 941 2316 Bigotio
961 2236 1139 2309 didicimus,
1161 2234 1263 2295 Abbas
1278 2234 1316 2294 de
1330 2235 1385 2305 Fa-

268 2322 336 2382 rina
350 2324 471 2384 Siculus
486 2325 559 2401 llegi
573 2323 732 2384 Catholico
743 2325 780 2383 ab
793 2325 935 2385 Oratorio
953 2321 1212 2400 Constantinopoli
1222 2338 1384 2400 ,eompara-

193 2418 197 2423 ’
268 2419 365 2485 verat,
385 2409 505 2491 ipsique
519 2409 851 2488 communicaveram).
874 2409 956 2468 Illud
972 2406 1082 2469 deinde
1095 2426 1163 2465 cum
1179 2406 1312 2466 editione
1326 2406 1385 2469 Ra-

268 2495 394 2554 deriana
414 2494 494 2552 idem
517 2493 854 2566 llolstenias‘contulit3
881 2493 974 2552 variis
993 2492 1033 2555 ad
1053 2491 1202 2570 margines
1224 2491 1385 2570 adscriptis

269 2578 466 2647 lectionibus,
488 2577 550 2637 suis
568 2578 658 2638 etiam
676 2578 832 2638 interdum
847 2578 981 2638 admistis
1000 2570 1256 2638 emendationibus
1271 2587 1302 2639 et
1315 2597 1386 2636 con-

269 2663 412 2745 jecturis:
440 2663 493 2725 ubi
517 2683 595 2741 quae
615 2660 743 2723 subinde
769 2673 856 2724 eraut
879 2665 992 2729 inserta
1015 2663 1053 2722 ab
1075 2663 1310 2744 interpolatore,
1332 2662 1386 2722 de·

272 2758 419 2827 erantque
437 2748 472 2807 in.
495 2749 600 2826 eodem
628 2750 690 2810 MS.
711 2749 874 2830 exemplari
898 2750 1054 2830 diligenter
1076 2750 1239 2811 adnotavit.
1291 2748 1385 2822 Quin-

274 2834 364 2894 etiam
378 2834 409 2893 in
423 2834 542 2914 reliqua
558 2834 699 2916 deinceps
714 2835 856 2896 Chronici
870 2846 959 2915 parte
978 2834 1197 2895 emendationes
1212 2854 1251 2896 ex
1265 2832 1385 2913 ingenio

274 2918 393 2999 adjecit.
438 2920 523 2995 Quae
547 2921 668 3000 quidem
691 2922 789 2981 omnia
809 2922 946 2983 inllotes
961 2931 1078 2981 nostras
1091 2922 1264 2996 retulimus,
1287 2921 1385 2999 eique,

275 3014 310 3063 ut
323 3026 378 3084 par
392 3015 452 3081 est,
474 3006 706 3087 adscripsimus,
728 3017 795 3067 tum
808 3029 847 3068 ne
862 3008 954 3069 alium
966 3008 1103 3067 dicamur
1117 3006 1301 3086 suppilasss,
1321 3015 1387 3083 taam

197 3130 207 3141 -
274 3091 359 3169 quod
379 3091 439 3150 viri
460 3091 662 3173 undequaque
684 3093 850 3154 doctissimi
877 3094 909 3153 iu
931 3114 966 3153 re
985 3094 1118 3153 literaria
1142 3092 1253 3172 adepta
1268 3090 1389 3171 pridem
1476 3110 1477 3119 ¹

270 3176 455 3236 existimatio
473 3186 503 3236 et
523 3180 687 3240 auctoritas
700 3181 857 3245 Lectorem
873 3180 906 3239 in
919 3178 1000 3239 illius
1013 3177 1186 3239 sententiam
1200 3176 1284 3239 haud
1302 3195 1387 3255 aegre

275 3260 355 3318 forte
371 3260 542 3337 adduxerit.
587 3265 669 3338 Quin
688 3282 783 3346 porro
806 3266 997 3334 continuator
1012 3263 1154 3325 Chronici
1172 3263 1227 3324 sub
1245 3262 1387 3323 Heraclio
1476 3300 1477 3311 κ

274 3346 401 3422 vixerit,
424 3350 527 3427 negari
540 3352 603 3411 fere
617 3373 678 3411 non
692 3360 809 3431 potest,
830 3360 897 3411 turn
912 3352 997 3430 quod
1010 3351 1093 3411 Libri
1110 3349 1216 3410 titulus
1229 3349 1261 3408 iu
1276 3348 1387 3408 Codice
1476 3386 1477 3407 i

277 3429 421 3492 Vaticano
444 3436 530 3494 acin
552 3437 649 3498 Codd.
669 3436 872 3498 Bibliothecae
897 3438 986 3515 Regis
1007 3436 1171 3512 Catholici,
1192 3434 1270 3494 illud
1287 3433 1320 3494 iu
1336 3454 1387 3493 an·
1476 3432 1477 3499 i

268 3536 348 3575 num
373 3540 427 3578 xx.
451 3521 601 3597 Heraclii,
626 3523 676 3584 rel
696 3533 777 3584 certe
800 3524 833 3583 iu
854 3522 936 3582 illius
963 3532 1099 3603 tempora
1118 3521 1253 3585 desinere
1269 3520 1386 3595 innuat,
1476 3546 1477 3559 ¹

197 3585 341 3710 {itum
355 3604 436 3682 quod
459 3626 535 3684 quae
556 3607 594 3666 de
608 3609 713 3670 eodem
726 3611 881 3686 Augusto,
905 3610 1030 3689 ejusque
1049 3608 1138 3686 gestis
1152 3614 1330 3682 narrantur,
1353 3624 1388 3663 ac

273 3686 404 3767 denique
424 3694 596 3772 exscriptae
620 3694 802 3774 prolixiores
825 3695 970 3774 epistolae
985 3695 1024 3755 ad
1040 3695 1201 3771 Persarum
1215 3693 1326 3769 Regem
1340 3688 1388 3750 vel

273 3773 465 3853 Toparohas,
488 3786 577 3856 atque
599 3779 674 3840 adeo
690 3780 912 3860 descriptorum
926 3780 958 3840 ia
975 3781 1050 3840 actis
1062 3779 1197 3860 publicis
1212 3778 1277 3858 ejus
1292 3778 1388 3856 Impe-

273 3858 312 3917 rii
324 3869 356 3919 et
378 3859 432 3919 filii
448 3863 635 3924 Constantini
656 3887 804 3926 annorum
825 3875 964 3926 accurata
985 3867 1116 3941 notatio,
1137 3873 1168 3924 et
1188 3863 1272 3944 quod
1287 3862 1387 3944 ipsum

276 3942 451 4007 Heraclium
469 3946 559 4030 ὑμῶν
580 3952 707 4033 βασιλέα
728 3961 833 4029 vocet,
859 3952 892 4012 id
905 3951 1052 4014 suadeant
1062 3951 1193 4013 omnino.
1235 3947 1330 4029 Atqui
1344 3956 1388 4006 ta·

311 4213 342 4315 ζ)
360 4177 506 4301 Pithoeaiua
521 4219 602 4274 MSS.

330 4287 345 4353 )
362 4286 430 4340 Vade
447 4289 607 4362 Apparatum
624 4292 726 4349 hebbei
743 4291 777 4347 ad
795 4291 864 4347 ffist
882 4292 994 4363 Byzant
1012 4308 1039 4363 p.
1056 4296 1082 4351 8·
