3028 4898
498 290 702 365 amomo
724 282 956 358 eoseum&
1031 320 1035 331 ·
1100 280 1102 289 “

175 468 246 540 447.
267 465 368 546 Appio
392 465 492 525 Gaeoo
514 471 544 523 et
558 462 704 523 violente.

173 556 248 621 448.
270 552 398 612 Remulo
420 559 450 612 et
471 548 590 608 Albino.

173 638 249 708 449.
270 637 391 698 Metello
413 646 444 697 at
464 634 602 694 Minatio.

173 723 250 793 450.
271 721 441 783 Semlronio
463 728 492 780 et
516 716 648 779 Faben'o.

173 809 249 878 451.
271 806 398 868 Lentulo
421 814 451 866 et
472 803 626 865 abentesi.

173 895 247 964 459.
270 894 406 953 Dentoue
429 898 459 952 et
479 890 598 951 Emilio.
713 878 717 887 ’

174 981 249 1053 458.
271 977 330 1045 Ru
349 974 455 1039 com.
489 979 554 1036 item
574 974 705 1034 corvem
725 968 870 1043 01000,
891 966 918 1026 o
937 961 1060 1025 Baition
1079 952 1220 1036 tegulo

269 1062 402 1149 Equitem
414 1063 545 1123 mambae
560 1079 602 1121 va.
616 1057 712 1119 doado
727 1055 852 1136 soemo&

173 1151 247 1219 454.
271 1146 405 1208 corvino
423 1155 453 1207 et
473 1147 580 1206 Pansa.

174 1236 248 1305 455.
269 1232 392 1295 Poetioo
413 1241 444 1293 et
466 1228 629 1311 Torquato.

174 1322 248 1388 456.
271 1317 412 1399 Scipione
433 1324 463 1376 et
484 1315 627 1382 Maximo.

174 1408 250 1474 457.
272 1402 363 1464 llullo
384 1402 437 1463 [Π.
458 1411 488 1462 et
508 1401 632 1461 Musono
654 1394 706 1461 Ill.
771 1390 777 1395 ’

175 1494 250 1558 458.
273 1488 400 1548 Claudio
413 1487 450 1548 IL
473 1495 503 1548 et
524 1485 662 1546 Violente
677 1482 721 1546 Il.

174 1576 251 1643 459.
271 1574 363 1634 Rullo
384 1573 421 1633 V.
444 1581 475 1635 et
493 1571 618 1632 Musone
641 1569 677 1632 V.

116 1682 121 1685 ‘
175 1662 250 1731 460.
270 1658 391 1720 Metello
415 1667 446 1719 et
464 1657 590 1735 Regulo.
781 1670 784 1681 ³

176 1748 251 1814 461.
272 1746 402 1806 Cursore
423 1751 453 1804 et
476 1741 616 1804 Maximo.
645 1795 649 1802 ,

177 1833 250 1899 462.
273 1828 406 1891 Maximo
428 1828 553 1906 Gurgite
574 1836 607 1887 et
626 1822 769 1886 Broccho.

176 1917 251 1984 468.
276 1914 398 1997 Metello
413 1912 458 1997 11.
481 1920 513 1972 et
532 1912 650 1973 Vulbo..

177 1998 250 2069 464.
273 2006 387 2065 Rulfino,
401 2010 428 2059 et
447 2005 574 2062 Dentato.

176 2088 252 2155 465.
275 2084 407 2147 Maximo
428 2091 458 2144 et
477 2083 605 2143 Noctuo.
629 2150 632 2155 ⁴

178 2173 252 2239 466.
275 2170 415 2233 Cremulo
436 2177 466 2228 et
486 2167 606 2228 Albino.

177 2258 251 2324 467.
275 2256 419 2318 Marcello
441 2264 472 2315 et
493 2252 617 2313 Rutilio.

178 2342 253 2408 468.
274 2343 376 2402 Potito
399 2349 430 2401 et
449 2338 556 2399 Petito.

179 2422 262 2493 469!
274 2426 390 2508 Lepido
412 2434 442 2486 et
465 2422 600 2484 Caecina.

180 2511 254 2578 470.
274 2513 364 2573 Taoio
386 2520 417 2573 et
438 2510 583 2569 llantone.

179 2599 255 2664 471.
277 2596 432 2658 Dolabella
452 2603 483 2655 et
503 2591 645 2654 Maximo.

181 2694 254 2759 472.
277 2682 373 2743 lucio
395 2689 426 2741 et
444 2681 535 2758 Papo.

182 2776 255 2843 478.
277 2767 407 2829 Barbula
428 2775 460 2827 et
480 2761 632 2847 Philippo.

182 2861 255 2929 474.
277 2852 449 2934 Laebymno
471 2858 501 2911 et
524 2848 719 2907 Caeruutano.

182 2948 257 3014 475.
280 2939 443 3003 caverione
465 2944 496 2997 et
515 2935 651 2995 Mueoue.

182 3032 257 3099 476.
281 3022 407 3084 Lucinio
430 3030 460 3083 et
481 3020 575 3099 Papo.

184 3120 256 3201 477.
279 3110 389 3171 Rufino
413 3116 443 3169 et
463 3105 610 3166 Bubulco.

182 3204 256 3271 478.
278 3195 405 3275 Gurgito
427 3200 458 3255 et
478 3189 623 3272 Clepyuo.

184 3289 257 3356 479.
278 3280 397 3359 Benago
408 3282 450 3339 'et
462 3274 601 3336 Lentulo.

185 3375 258 3441 480.
279 3369 399 3443 Benago
419 3363 455 3428 11.
477 3371 508 3423 et
527 3352 671 3419 Merinda.

186 3459 258 3525 481.
280 3451 395 3512 Licinio
417 3457 447 3510 et
469 3443 599 3506 cambia.

186 3542 260 3610 482.
282 3538 410 3605 Cursore
433 3542 464 3594 et
482 3528 624 3592 Maximo.
787 3600 790 3607 1

187 3626 261 3697 488.
284 3619 410 3683 Claudio
431 3627 461 3679 et
483 3613 659 3698 Clepieuate.

188 3712 261 3781 484.
283 3714 405 3782 clepsina
420 3716 448 3765 et
461 3708 558 3763 blasio.

188 3799 262 3865 485.
282 3793 369 3855 Gallo
392 3789 502 3850 Sabino
524 3794 554 3847 et
575 3777 690 3844 Piao'ne.

189 3883 264 3949 486.
286 3876 449 3941 Simlrouio
471 3869 611 3952 sapienta
637 3875 668 3928 et
689 3862 780 3923 Ruso.

190 3969 262 4035 487.
283 3963 398 4041 Regulo
421 3970 453 4022 et
472 3958 595 4018 Libone.

189 4057 263 4121 488.
277 4048 379 4134 ⁴Fabio
397 4056 427 4108 et
447 4044 566 4106 Pictore
587 4047 617 4099 at
640 4037 739 4094 Poeta.

189 4142 263 4207 489.
284 4134 416 4197 Maximo
438 4142 467 4192 et
486 4127 600 4190 vitulo.
823 4138 827 4151 ·

191 4221 265 4295 490.
285 4218 448 4283 Theudaoe
468 4223 498 4276 et
518 4212 640 4272 Flacco.

193 4309 266 4376 491³
286 4300 638 4371 bltfflmbl'fflramm
678 4328 691 4344 ἰ
711 4294 716 4346 l
