2992 4894
212 298 215 303 ’
250 340 299 410 12
558 364 562 367 ,
650 326 956 393 inhaesero.

150 566 157 571 .
248 506 395 583 adscribi,
427 505 499 567 licet
519 523 675 586 perperam
696 502 774 563 forte
797 502 943 581 scriptum
972 503 1064 562 suerit
1090 502 1267 581 Turonensi,
1300 494 1365 585 pm„

253 594 458 669 ihoannensi,
485 592 536 651 'ita
554 600 591 650 ut
617 588 802 650 amanuensis
826 588 971 667 quaedam
993 608 1031 647 ex
1054 587 1205 649 Chronico
1229 588 1365 650 Victoris

248 677 457 739 Tunnuncnsis
469 679 502 737 in
517 677 619 737 Africa
644 674 800 752 desumpta
813 695 877 733 esse
894 675 1019 735 innuere
1038 675 1189 751 voluerit,
1222 677 1306 754 quod
1327 676 1363 734 in·

248 765 398 824 lustinum
417 765 567 824 iuniorem
582 760 707 834 desinit,
730 760 813 838 quod
828 760 953 819 suadere
969 761 1092 820 videtur
1109 759 1281 820 Chronicon
1294 763 1364 820 ine-

249 852 346 910 ditum
366 850 471 910 Molliti
483 851 514 909 in
530 848 602 907 cod.
629 847 787 906 Colberteo
805 864 886 906 ccxc.
905 846 997 905 ubiis
1015 847 1193 907 Turonensis
1208 844 1365 909 Ecclesiae
1452 846 1453 849 ’
1481 854 1482 857 ’

248 932 412 1018 Episcopus
427 936 555 1009 dicitnr,
579 954 646 993 cum
662 932 699 1002 de
711 932 793 991 illius
808 931 957 991 Chronico
975 932 1044 1008 agit.
1079 932 1159 990 Haec
1176 932 1254 992 enim
1270 954 1363 1013 pror-

142 1084 148 1097 ,
250 1021 463 1099 rusevanida,
488 1022 646 1099 nulloque
665 1018 746 1077 ¹fulta
766 1017 959 1078 fundamento
983 1017 1084 1096 quoad
1108 1017 1249 1076 Chronici
1271 1018 1365 1078 istius

249 1108 464 1168 barbarolatini
485 1107 686 1186 Scriptorem,
709 1103 922 1184 qui‘quantum
947 1104 1094 1182 conjicere
1105 1105 1180 1164 'licet
1196 1105 1365 1183 Aegyptius

250 1195 357 1270 fuerit,
379 1193 432 1272 qui
457 1213 510 1252 nec
532 1193 693 1265 Graecam,
717 1191 769 1248 vel
789 1199 871 1249 certe
894 1211 951 1249 nec
975 1190 1110 1248 Latinam
1124 1190 1257 1266 linguam
1274 1191 1374 1271 probe

253 1274 398 1355 calluerit,
416 1279 540 1338 ‘tametsi
552 1279 585 1337 in
600 1277 652 1335 illo
667 1277 759 1335 multa
773 1285 887 1352 extent,
910 1295 986 1355 quae
1000 1275 1037 1333 ad
1052 1278 1276 1356 Aegyptiorum,
1292 1296 1373 1355 quo·

251 1386 321 1427 rum
344 1384 443 1424 aeram
464 1384 583 1443 semper
606 1360 809 1440 sequiturll,
841 1382 931 1439 regna
955 1362 1122 1441 pertinent,
1146 1370 1177 1420 et
1200 1361 1290 1440 digna
1311 1363 1375 1421 sint

250 1472 327 1531 quaa
349 1452 487 1528 legantur
506 1450 594 1509 etiam
611 1447 714 1507 invitia
734 1448 933 1522 soloecismis,
955 1457 1083 1527 propter
1103 1468 1137 1507 ea
1154 1447 1218 1505 sola
1234 1467 1311 1526 quae
1332 1448 1367 1507 in

249 1557 285 1597 eu
300 1546 404 1597 extant
416 1537 501 1595 utilia
523 1544 553 1594 et
568 1536 664 1593 bonae
685 1534 792 1612 frugis:
815 1555 890 1612 quae
906 1541 951 1592 est
964 1534 1108 1592 sententia
1123 1532 1255 1615 ejusdem
1271 1533 1366 1592 Scali.

249 1624 312 1702 geri
322 1615 369 1706 ὓ).
412 1622 521 1683 Verum
536 1619 611 1680 haec
626 1618 724 1679 obiter
742 1629 772 1678 et
794 1640 849 1699 per
861 1629 1052 1679 transennam
1069 1617 1150 1678 dicta
1165 1619 1223 1677 sint
1238 1619 1276 1677 de
1290 1618 1366 1677 hoc.

251 1707 469 1785 ceChronico,
502 1702 585 1785 quod
606 1726 676 1764 cum
694 1705 815 1786 Cujacio
834 1706 867 1764 in
884 1705 970 1764 Notis
991 1704 1104 1765 nostrie
1125 1703 1367 1765 Alexandrinum

250 1794 392 1876 deinceps
406 1792 604 1876 appellamus.
984 1808 988 1811 “
1153 1804 1157 1809 ’

84 1950 106 2002 Ρ
108 1949 250 2003 ‘While‘
334 1966 405 2028 Vll:
444 1965 544 2046 Atque
566 1966 643 2027 utin
658 1966 787 2026 orbitam
810 1965 912 2025 redeat
936 1966 1049 2042 oratio,
1071 1964 1142 2025 licet
1155 1966 1262 2025 Petrus
1283 1961 1370 2042 quis-

94 2019 330 2132 ¹³¹¹d¹i¹¹¹¹⁸piam
349 2052 568 2111 Alexandrinus
587 2053 757 2133 Episcopus
777 2050 932 2110 Psschalis
952 2051 1110 2127 chronici,
1146 2051 1229 2131 quod
1246 2050 1370 2108 recudi·
1408 2096 1414 2121 s

83 2089 241 2212 pppfprppp
250 2159 315 2197 mus
322 2181 333 2213 ‚
357 2148 465 2198 auctor
478 2139 613 2198 extitisse
627 2139 773 2217 potuerit,
795 2158 856 2195 non
877 2137 947 2196 ideo
963 2147 1078 2213 tamen,
1100 2137 1143 2194 uti
1160 2156 1252 2216 supra
1268 2136 1370 2209 attigi·
1413 2152 1415 2155 ·

110 2226 161 2279 nici
179 2228 231 2280 Pa·
248 2245 331 2296 mus,
356 2223 595 2282 Alexandrinum
615 2223 694 2283 illud
716 2223 863 2303 appellari
881 2222 1034 2299 debuerit,
1056 2221 1111 2281 sed
1125 2221 1297 2281 Chronicon
1313 2222 1370 2278 Pe.

119 2295 224 2349 ⁵⁰h³¹l⁵·
250 2310 291 2368 tri
306 2308 512 2369 Alexandrini.
536 2306 649 2369 Deinde
661 2309 768 2368 Petrus
783 2309 840 2369 ista
854 2307 1078 2367 Alexandrinus·
1086 2308 1264 2387 Episcopus,
1281 2306 1371 2386 cujus

250 2415 359 2455 nomen
381 2397 492 2474 legitur
504 2395 591 2453 initio
608 2396 809 2472 syntagmatis
822 2393 862 2452 ‘dc
875 2394 1038 2467 Paschate,
1062 2393 1144 2471 quod
1163 2393 1266 2452 Codici
1279 2391 1371 2450 Vati-

250 2502 325 2540 cano
348 2481 539 2560 praefigitur,
564 2489 658 2557 prout
677 2478 755 2538 certe
774 2487 928 2558 exarpttim
945 2480 1117 2557 editumque
1141 2489 1202 2554 est,
1225 2477 1372 2537 Chronici

250 2574 357 2625 auctor
370 2586 434 2626 esse
450 2585 518 2624 non>
528 2565 646 2645 potuit,
670 2584 738 2624 curn
752 2564 870 2643 Martyr
886 2564 1020 2639 dicatur,
1042 2566 1208 2643 Pete-usque
1223 2566 1279 2623 ista
1293 2581 1371 2622 mar-

250 2651 363 2730 tyrium
389 2651 500 2710 obierit
518 2651 686 2730 imperante
707 2650 913 2725 Diocletiano,
943 2661 978 2711 ut
1001 2651 1218 2730 praecaeteris
1240 2658 1371 2709 testatur

251 2736 436 2816 Epiphanius
450 2735 494 2816 ³),
517 2747 547 2796 et
561 2757 599 2795 ex
612 2757 647 2797 eo
661 2737 740 2795 forte
755 2736 1055 2816 scriptorPaschalis
1068 2735 1210 2795 chronici
1223 2733 1272 2815 4),
1296 2754 1371 2813 pro·
1409 2747 1416 2764 ³

250 2823 380 2901 indeque
396 2824 430 2882 in
444 2821 578 2882 Heraclii
598 2832 753 2903 tempora,
776 2823 808 2881 in
830 2842 906 2901 quae
921 2822 1123 2901 protrahitur,
1147 2821 1225 2881 illud
1242 2820 1372 2879 deduce-

251 2930 285 2970 re
303 2929 363 2967 non
377 2909 520 2989 potuerit.
564 2908 677 2967 Verum
695 2907 768 2987 quin
787 2906 866 2966 idem
882 2911 989 2968 Petras
1006 2916 1114 2968 auctor
1126 2929 1186 2966 non
1202 2908 1241 2965 sit
1255 2906 1370 2965 haben·

180 2997 203 3049 V
219 2998 236 3052 5
252 2995 329 3070 dus,
352 2994 478 3054 suadent
492 3013 552 3053 nou
567 2994 679 3069 solum,
702 2994 764 3053 imo
782 2994 911 3071 probant
925 2995 1046 3054 omnino
1062 3014 1139 3072 quae
1154 2994 1185 3051 in
1197 2993 1371 3070 syntagmass

253 3080 337 3140 tede
355 3080 500 3139 Paschate
520 3079 748 3159 proferuntura
765 3078 906 3139 Chronici
922 3084 1070 3160 scriptore
1092 3098 1130 3138 ex
1142 3078 1223 3137 illius
1239 3078 1318 3153 hhro
1334 3077 1372 3136 de

253 3165 434 3249 ludaeorum
448 3174 479 3227 et
492 3164 731 3224 Christianorum
753 3164 890 3224 Paschali
905 3166 1098 3241 Festivitate,
1119 3164 1173 3223 ubi
1189 3163 1291 3224 eadem
1307 3164 1372 3221 lan·

255 3252 367 3311 dantur
383 3251 512 3311 sormula
521 3295 529 3325 ,
553 3266 612 3330 qua
627 3250 787 3330 Hippolyti
804 3251 914 3311 Portus
927 3251 1086 3331 Episcopi,
1108 3248 1284 3329 Apollinaaii
1299 3249 1373 3307 Hie-

253 3338 415 3417 rapolitani
432 3335 590 3416 Episcopi,
614 3337 776 3396 Clementis
798 3337 1063 3414 Alexandrini,'et
1078 3335 1230 3396 Athanasii
1248 3335 1388 3417 scripta,

255 3422 307 3500 qui
328 3423 395 3503 pari
417 3422 535 3481 rat-ione
557 3420 700 3483 'Chronici
724 3433 863 3482 auctores
883 3423 944 3482 dici
966 3423 1127 3504 potuerint.
1172 3420 1372 3479 illudentem

253 3507 336 3567 Petri
357 3507 555 3567 Alexandrini
576 3509 757 3590 opusculum
781 3517 885 3568 extare
906 3510 957 3568 vel
979 3509 1112 3568 extitisse
1132 3506 1164 3564 in
1188 3505 1388 3581 Bibliotheca¹

254 3593 435 3653 Scorialensi
448 3614 517 3652 cum
534 3593 592 3652 alio
604 3593 667 3652 hoc
680 3594 787 3670 titulo,
809 3594 887 3674 Περὶ
905 3598 960 3655 τοῦ
978 3588 1094 3671 Πάσχα,
1116 3590 1168 3653 καὶ
1183 3597 1246 3654 τῶν
1264 3588 1378 3657 τούτου,

255 3674 440 3758 ζητημάτων,
463 3679 609 3739 docemur
624 3700 663 3738 ex
675 3680 757 3739 illius
772 3680 872 3740 indice
886 3680 1031 3738 Codicum
1045 3680 1229 3737 Graecorum
1243 3678 1374 3737 inedito:

253 3764 350 3824 sedet
365 3764 467 3824 haberi
482 3766 513 3823 in
526 3765 712 3825 Bibliotheca
732 3766 855 3844 collegii
868 3766 1025 3825 Societatis
1040 3765 1110 3823 lesu
1127 3765 1374 3838 Caesaraugusta.

253 3850 285 3908 ni
298 3851 331 3909 in
346 3851 491 3930 Hispania
508 3861 611 3912 mouet
624 3849 816 3927 Pataviua⁶),
839 3873 855 3910 a
873 3871 933 3930 quo
948 3851 1038 3910 semel
1051 3869 1086 3909 ac
1101 3850 1212 3911 iterum
1226 3849 1373 3909 laudatar.

290 4084 320 4152 ¹)
338 4085 473 4138 Harwart.
491 4085 519 4138 in
537 4084 659 4139 Chronol.
680 4103 737 4155 cap.
758 4085 818 4140 194.

288 4154 326 4221 ς)
345 4155 386 4206 Ad
404 4157 512 4208 Graeca
531 4154 640 4208 Euaebii
655 4158 761 4225 pell.
779 4160 804 4211 2.
825 4156 889 4210 edit.

289 4224 321 4289 ⁸)
339 4223 371 4275 In
388 4224 460 4277 haer.
480 4223 614 4297 Meletian.

291 4293 326 4358 ⁴)
345 4293 375 4343 P.
395 4294 455 4346 276.
917 4352 922 4356 ἢ
959 4300 965 4307 ’

292 4361 324 4431 ⁶)
342 4363 395 4416 To.
414 4365 439 4417 2,
458 4362 492 4414 de
509 4360 601 4414 nostr.
620 4366 698 4431 temp.
717 4380 743 4433 p.
764 4365 824 4420 893.
