3028 4898
445 328 645 399 uttttotucl
663 329 891 399 Ptsutttts.
1151 329 1227 403 218

113 517 230 559 eorum
251 505 338 578 parte
358 495 491 559 accedat.
541 497 614 557 Cum
645 496 722 557 enim
753 517 876 558 numero
906 516 1053 557 annorum
1083 520 1099 558 a
1128 499 1225 579 prims

112 584 293 644 indictione
314 602 371 662 per
390 602 432 641 vr.
456 583 638 658 distributo,
667 581 744 640 nihii
765 592 859 643 restat
878 583 1050 663 reliquum,
1080 583 1127 642 ilii
1148 606 1225 645 anno

111 669 279 730 Bissextus
300 667 485 728 inserendus.
530 667 580 726 Sic
600 669 631 726 in
653 669 755 729 sutura
777 668 944 728 indictione
966 678 1090 745 octava,
1116 690 1224 731 uume-

111 777 176 816 rus
205 753 378 815 octonarius
407 754 438 813 in
466 773 507 812 1v.
538 752 719 813 distributus
749 752 825 813 nihil
861 754 934 814 iacit
961 754 1122 834 reliquum.
1169 758 1223 817 Est

111 842 203 901 enim
224 840 278 900 iile
300 859 395 898 annus
420 838 458 897 ab
486 838 589 898 eadem
617 840 715 919 prima
739 838 908 901 indictione
935 859 1060 919 prorsus
1087 850 1220 915 octavus.

111 927 268 989 Similiter
288 933 318 984 et
337 924 369 985 in
390 945 468 983 auno
488 944 544 985 xit.
567 935 597 983 et
616 925 647 983 in
669 945 733 985 xvi.
755 947 772 983 a
793 925 890 1005 prime
912 926 963 984 iiia
985 925 1169 1004 indictione,
1191 938 1221 988 et

109 1013 148 1070 in
171 1010 300 1091 reliquis
328 1009 468 1090 deinceps
488 1009 591 1068 eodem
621 1011 729 1071 ordine
755 1011 1015 1091 respondentibus.
1058 1012 1119 1085 Qui
1142 1013 1220 1073 enim

108 1098 229 1176 reliqui
253 1105 415 1176 supersunt
436 1096 486 1176 (ut
505 1094 571 1154 fieri
592 1096 683 1175 solet)
710 1106 781 1175 post
802 1096 979 1156 divisionem
1002 1117 1059 1178 per
1079 1107 1219 1176 quatuor,

108 1184 160 1242 illi
184 1191 257 1242 sunt
279 1181 387 1240 annia
409 1181 563 1259 bissexto,
596 1201 650 1242 seu
672 1200 750 1242 unus
779 1181 872 1242 suerit
898 1183 1040 1259 relictus,
1071 1203 1124 1243 seu
1146 1184 1219 1259 duo,

107 1289 169 1329 seu
194 1278 266 1331 tres.
308 1265 440 1344 Horum,
472 1276 504 1325 ut
526 1267 606 1340 dixi,
636 1277 771 1346 quartam
798 1289 858 1327 non
888 1268 1052 1348 accipimus
1073 1269 1218 1329 unitatem

106 1355 190 1415 dum
219 1362 350 1434 quatuor
378 1373 522 1413 annorum
558 1372 699 1414 numerus
729 1353 821 1412 fuerit
857 1353 1005 1435 impletus.
1054 1354 1138 1414 Tum*
1159 1376 1216 1434 pro

106 1448 224 1520 quarta
256 1458 359 1505 eorum
385 1447 472 1517 parte
500 1437 598 1497 unitas
627 1437 773 1501 addenda.
828 1439 928 1512 Quare
959 1440 1103 1500 unitatem
1131 1440 1215 1501 illam

105 1527 147 1585 ab
165 1545 325 1584 annorum
346 1544 402 1585 vu.
433 1521 466 1607 (a
489 1524 583 1603 prima
606 1524 773 1584 indictione
796 1525 834 1583 ad
857 1544 921 1584 eam
945 1526 1101 1607 quaejam
1122 1525 1216 1588 instat
1308 1512 1322 1559 3

104 1616 180 1689 vn.)
203 1629 259 1692 per
286 1620 419 1688 quatuor
444 1609 652 1670 distributione
672 1611 818 1673 relictam.
854 1630 909 1672 vn.
931 1610 992 1669 iliis
1013 1613 1100 1673 annis
1122 1632 1214 1692 opor-

103 1697 188 1757 tebit
209 1695 348 1777 adjicere.
392 1696 433 1754 Ea
456 1694 550 1773 igitur
572 1696 685 1776 adjecta
706 1703 794 1775 parte
809 1704 930 1774 quarta,
952 1696 1120 1775 prodibunt
1142 1699 1213 1759 anui

102 1801 239 1843 numero
264 1790 344 1843 octo.
387 1780 504 1840 Horum
526 1801 620 1855 unus,
654 1781 698 1839 uti
726 1781 787 1859 jam
816 1781 1016 1857 ostendimus,
1037 1782 1213 1841 subducen-

102 1866 175 1928 dus.
221 1866 268 1925 Ita
288 1886 393 1927 rursus
415 1876 593 1946 supererunt
613 1886 738 1925 numero
760 1875 882 1945 septem.
909 1866 963 1926 His
985 1866 1123 1926 addenda
1146 1865 1212 1926 dies
1244 1936 1247 1951 ἱ

103 1953 143 2013 de
167 1973 230 2033 qua
258 1951 427 2012 instituitur
454 1953 605 2031 quaestio,
638 1952 751 2032 Aprilis
783 1951 964 2027 undecima,
999 1970 1076 2031 quae
1104 1951 1211 2013 eodem

101 2041 193 2119 apud
216 2038 436 2098 Alexandrinos
457 2057 513 2097 xv.
533 2047 587 2098 est.
628 2038 707 2116 Ergo
728 2047 841 2118 septem
863 2037 940 2113 illis,
962 2037 1060 2097 ablata
1084 2037 1210 2114 unitate,
1276 2088 1282 2097 ,

100 2123 224 2205 relictis
246 2122 358 2183 addere
381 2131 502 2203 oportet
523 2122 713 2202 quindecim,
735 2131 765 2182 et
786 2124 859 2182 fient
872 2144 950 2182 xxti.
994 2124 1087 2183 Porro
1109 2147 1126 2184 a
1148 2124 1208 2181 Se-

98 2209 237 2291 ptembri
258 2229 374 2268 menses
405 2208 576 2268 numerabis
604 2207 641 2267 ad
666 2209 839 2286 ,quaesitum
867 2227 964 2287 usque
994 2228 1144 2285 mensem,
1175 2207 1207 2266 id

99 2305 151 2355 est
174 2294 321 2375 Aprilem,
345 2303 475 2373 suntque
498 2303 577 2354 octo.
600 2293 639 2352 Hi
660 2292 807 2373 duplicati
830 2294 945 2352 faciunt
967 2292 1104 2353 sedecim.
1131 2293 1206 2351 Ilios

98 2381 183 2441 adde
204 2379 367 2462 praedictis
380 2400 459 2440 xxrr.
482 2389 629 2459 eruntque
656 2379 687 2437 in
710 2380 884 2439 universum
903 2397 1035 2437 marn.
1078 2379 1124 2438 Ex
1145 2376 1205 2434 hoe

95 2466 205 2548 itaque
225 2486 351 2526 numero
372 2484 504 2526 xxxam.
526 2485 582 2546 per
603 2484 656 2524 vu.
679 2465 794 2540 diviso,
823 2463 925 2545 ejectis
947 2462 1080 2542 quinque
1101 2470 1204 2542 septe-

97 2553 210 2623 nariis,
234 2560 417 2631 supererunt
437 2559 516 2627 tres,
538 2571 554 2608 e
576 2551 685 2629 quibus
706 2550 898 2628 intelligimus
920 2547 1070 2610 decimum
1092 2546 1203 2629 Aprilis

95 2639 212 2703 mensis
234 2638 314 2698 diem
333 2639 363 2697 in
385 2638 491 2699 feriam
511 2635 694 2717 septimanae
715 2636 835 2697 tertiam
856 2636 1019 2697 incurrere.

93 2890 395 2965 Demonstratio
429 2913 499 2966 cur
532 2902 732 2990 oporteat,
773 2897 1010 2989 quaerentes
1037 2893 1200 2988 quotam
1307 2952 1311 2959 a

199 3009 348 3086 mensis
374 3007 625 3085 Alexandrini
653 3009 778 3107 diem,
806 3034 828 3083 a
853 3007 980 3083 tribus
1006 3017 1098 3081 ante

320 3129 603 3231 Septembrem
631 3129 772 3205 diebus
797 3128 983 3228 incipere.

181 3321 332 3396 Quoniam
352 3322 550 3382 necessarium
574 3329 620 3381 est
642 3329 677 3379 ut
698 3321 843 3393 sciamus,
864 3318 984 3397 quoties
1001 3309 1198 3376 Alexandrini

90 3406 203 3466 mensis
226 3407 305 3468 diem
324 3407 552 3487 investigamus,
575 3426 631 3465 cur
651 3415 713 3465 tres
740 3402 940 3482 accipiamus,
963 3409 1031 3460 unte
1051 3399 1195 3492 Septem-

90 3490 155 3551 bris
176 3493 313 3570 initium,
335 3493 413 3570 dies,
442 3493 597 3555 sciendum
627 3490 714 3550 nobis
736 3490 876 3548 Romanis
897 3487 1028 3568 primum
1048 3498 1194 3541 mensium

89 3579 245 3638 numerari
266 3579 457 3659 ianuarium,
493 3570 702 3638 Alexandrinis
730 3585 829 3635 autem
856 3571 1076 3653 Septembrem,
1105 3584 1193 3644 quesn
1260 3583 1264 3588 ’

90 3672 124 3722 et
144 3662 247 3724 Thoth
271 3665 432 3745 appellant.
475 3662 554 3724 Huic
576 3663 679 3745 itaque
701 3668 861 3721 accensent
881 3668 943 3719 tres
958 3651 1083 3734 Augusti
1099 3669 1192 3730 supra

88 3768 250 3810 numerum
278 3749 359 3828 dies,
388 3751 514 3829 singulis
543 3749 685 3808 nimirum
713 3745 866 3807 mensibus
894 3743 958 3803 dieo
978 3761 1052 3802 xxx.
1081 3754 1192 3797 conce-

89 3832 210 3895 dentes:
234 3836 279 3895 sic
302 3836 379 3894 enim
401 3856 518 3896 menses
540 3855 611 3894 suos
629 3849 787 3892 numerare
809 3831 907 3889 soient
920 3821 1125 3887 Alexandrini.
1159 3818 1191 3877 Si

89 3920 166 3977 enim
200 3920 264 3980 dies
295 3920 332 3979 ab
359 3922 483 3981 ineunte
509 3921 650 3979 ianuario
679 3917 715 3977 ad
747 3914 872 3994 Augusti
900 3913 1008 3988 finem,
1044 3906 1189 3969 mensium

88 4001 229 4065 nimirum
251 4014 338 4082 octo,
358 4005 392 4064 in
404 4028 494 4066 unam
510 4026 654 4066 summam
674 4002 867 4081 colligamus,
883 4006 976 4061 erunt
990 3996 1052 4056 dies
1067 4009 1191 4053 cumn.

89 4087 254 4146 Subductis
274 4110 380 4151 rursus
402 4112 468 4152 vm.
490 4092 641 4152 mensibus
661 4086 886 4154 Alexandrinis,
908 4104 985 4144 xxx.
1000 4081 1133 4151 dierum,
1148 4082 1192 4132 ‘ut

90 4173 153 4232 (lixi
165 4218 174 4249 ,
204 4169 347 4249 singuiis,
376 4177 486 4258 reliqui
506 4177 699 4238 invenientur
719 4173 784 4232 dies
805 4181 866 4231 tres
888 4180 956 4229 ante
976 4184 1106 4227 mensem
1127 4160 1190 4217 Ro·

88 4276 214 4319 manum
232 4275 364 4332 nonum,
395 4277 484 4339 quem
509 4271 668 4322 numerant
690 4260 820 4338 primum
843 4250 1048 4315 Alexandrini.
1091 4245 1190 4317 Quem

51 4334 56 4346 ⁴
88 4342 189 4425 itaque
212 4340 336 4423 Augusti
352 4341 439 4421 ¹(lietu
468 4366 522 4407 nos
544 4366 651 4407 xxx1x.
672 4360 882 4420 numeramus,
905 4336 1035 4401 eundem
1056 4328 1187 4393 Alexan·
1290 4372 1294 4376 -
