2944 4896
440 364 642 432 CHRONICI
665 362 894 430 PASCHALIS.
1147 363 1220 435 137

116 533 200 615 plata
214 530 411 609 amoenitate,
434 530 556 592 tandem
578 529 782 611 Metrophanis
802 529 946 610 precibus
960 528 1088 591 devicto
1110 551 1144 590 au
1167 552 1220 591 su-

117 626 224 700 perato
255 616 392 691 Licinio,
430 617 529 678 statim
563 617 675 677 Romae
710 616 821 676 Palatia
849 614 1028 696 Byzantium
1055 617 1219 696 transtulit,

117 704 274 782 murisque
294 704 371 763 urbe
390 702 528 778 firmata,
556 723 592 762 sc
612 701 724 777 tectis,
753 700 1155 780 congiariisqns'uberrimis
1178 702 1222 763 ci-

117 789 206 849 vib'us
226 787 365 867 donatis,
396 806 508 848 nomen
534 787 580 847 illi
611 808 705 863 auum.
725 785 843 848 indidit.
887 787 970 847 Haec
993 787 1030 846 ab
1053 791 1134 847 omni
1154 789 1221 848 vir-

119 883 218 934 tutum
233 872 350 952 genere
370 873 481 952 insigni
502 872 655 934 Dorotheo
676 873 709 933 iu
731 872 952 945 commentariis
967 870 1080 932 Latinis
1102 875 1221 950 relicta,

75 979 88 1030 ,·
118 982 136 1018 a
156 959 247 1019 nobis
269 969 411 1040 excerpta
434 969 505 1019 sunt
527 958 694 1019 Philoxeno
718 969 748 1020 et
767 959 867 1018 Probo
890 960 970 1018 Coss¹
993 958 1114 1038 quando
1136 959 1222 1018 Con·

118 1044 345 1125 stantinopolim
367 1045 450 1105 venit
471 1046 598 1104 loannes
621 1046 732 1107 Romae
753 1044 931 1124 Episcopus.
968 1044 1129 1105 Persuasus
1143 1044 1222 1104 enim

72 1172 76 1191 t
117 1131 154 1190 ab
175 1130 267 1190 Urbis
289 1130 553 1211 Archiepiscopo,
586 1139 622 1190 ut
648 1151 752 1191 secum
778 1132 811 1189 in
832 1128 945 1191 Christi
963 1130 1107 1189 Natalitio
1129 1132 1223 1191 sacris

117 1226 313 1297 operaretur,
340 1216 373 1275 id
393 1218 491 1279 fecere
511 1215 630 1292 renuit,
667 1215 926 1276 eicienteUrbis
946 1215 1129 1296 Episcopum
1151 1217 1225 1295 pri,-

118 1322 185 1361 mus
206 1303 273 1382 ipse
293 1323 378 1361 secra
400 1302 537 1376 laceret,
574 1310 682 1380 utpote
704 1303 801 1360 Roma
823 1311 892 1361 ante
915 1300 1024 1360 Urbem
1049 1302 1225 1361 Constanti»

118 1388 324 1466 nopolitanam
347 1388 529 1471 Episcopum
550 1396 658 1447 necta..
686 1384 738 1465 ‚Ex
760 1386 843 1446 bisce
863 1386 957 1466 igitur
971 1387 1079 1448 oborta
1094 1395 1225 1446 conten-

118 1474 218 1548 tione,
247 1493 419 1537 convenere
446 1470 801 1551 Constsnnunpolitani,
819 1473 1037 1552 ostendensque
1067 1493 1104 1534 ex
1127 1473 1228 1551 magni

120 1557 267 1618 Dorothei
293 1557 522 1618 Commentariis
546 1560 681 1619 Romano
703 1558 901 1636 antiquiorem
925 1579 989 1618 esse
1011 1559 1225 1639 Episcopatum

119 1643 493 1723 Constantinopolitanum.
536 1644 664 1703 loannes
689 1644 813 1722 quidem
835 1646 1036 1703 homanorum
1058 1640 1226 1724 Episcopus

120 1729 269 1789 Dorothei
289 1730 401 1810 scripta
424 1748 498 1789 vere
521 1748 584 1788 esse
606 1730 747 1804 assernit,
770 1726 920 1808 praeferri
939 1738 1040 1793 umen
1062 1726 1093 1791 'se
1118 1729 1227 1791 debere

118 1815 205 1894 quod
235 1815 383 1896 Principis
416 1814 632 1894 Apostolorum
656 1814 760 1873 lecum
788 1824 903 1874 teneret
931 1814 1102 1892 contendit,
1139 1816 1226 1897 cujus

118 1900 242 1960 tandem
264 1901 311 1959 rei
332 1900 427 1978 gratia
447 1900 655 1979 praerogativa
677 1899 735 1978 ipsi
753 1906 808 1959 'est
829 1920 998 1976 concessa,
1031 1921 1090 1959 non
1124 1910 1224 1963 autem

120 1986 205 2066 quod
227 1988 378 2045 Romanus
402 1985 598 2066 Episcopatus
621 1994 688 2044 ante
713 1985 1075 2064 constantinopolitanum
1097 2002 1226 2067 praeex-

119 2070 228 2133 titerit.
271 2071 331 2131 lam
360 2090 433 2130 vero
468 2073 595 2131 Sanctus
625 2069 791 2131 Dorotheus
820 2072 853 2130 in
880 2070 979 2150 operis
1012 2072 1058 2132 sui
1088 2085 1225 2134 extremo

121 2156 286 2217 duodecim
307 2157 520 2236 Apostolorum
542 2157 722 2216 mentionem
747 2165 900 2234 praeterea
923 2157 1005 2232 egit,
1034 2158 1087 2217 nbi
1114 2159 1245 2238 quibus*

121 2242 212 2323 loeis,
234 2262 339 2304 eorum
360 2243 470 2322 singuli
491 2241 642 2302 Christum
665 2242 869 2302 aununtiarint
891 2242 1191 2322 indicat,'scribeus,

143 2558 146 2573 ,
207 2520 228 2561 1.
270 2500 395 2567 Petrum
417 2498 539 2578 quidem
561 2500 591 2557 in
616 2499 738 2573 Gallia,
775 2500 862 2573 etin
891 2498 1116 2559 mediterraneis
1138 2500 1227 2561 Ponti

122 2584 311 2662 regionibus,
339 2605 376 2644 ac
395 2585 427 2643 iu
448 2585 589 2644 universa
612 2584 804 2664 Cappadocia
826 2595 857 2645 et
875 2583 1018 2665 Bithynia
1039 2585 1227 2665 praedicasse

123 2671 338 2749 Evangelium,
361 2676 521 2749 postquam
544 2669 702 2731 Antiochia
724 2690 863 2731 reversus
886 2681 949 2746 est,
977 2692 1013 2730 ac
1034 2672 1227 2751 postmodum

123 2757 156 2815 in
175 2756 318 2817 universa
340 2755 425 2815 Italia
446 2766 478 2817 et
498 2756 634 2831 Romae,
669 2755 721 2815 ubi
744 2777 761 2814 a
782 2757 904 2816 Nerone
930 2758 960 2815 in
990 2777 1110 2817 crucem
1132 2766 1227 2835 actus,

122 2841 155 2900 in
176 2841 281 2905 eadem
303 2841 379 2900 urbe
397 2842 534 2922 sepultus
557 2851 603 2902 est
623 2843 711 2902 tertio
732 2841 883 2902 Kalendas
900 2838 1002 2902 lulias.

209 3032 244 3073 11.
287 3010 426 3073 Andreas
445 3010 526 3071 illius
549 3011 643 3071 frater
672 3032 754 3071 oram
785 3011 958 3073 universam
976 3013 1155 3072 maritimam
1177 3013 1230 3072 Bi-

125 3095 247 3176 thyniae
268 3098 379 3174 Ponti,
409 3107 439 3157 et
458 3095 630 3170 Thraciae,
663 3117 698 3155 ac
718 3097 846 3176 Scythas
868 3110 1023 3179 praeterea
1052 3099 1231 3177 peragravit,
1271 3140 1274 3145 »

125 3181 279 3243 Christum
301 3183 493 3244 annuntians²
535 3183 644 3241 Postea
671 3182 704 3241 in
725 3204 861 3262 magnam
885 3183 1103 3265 sebastopolim
1126 3185 1232 3261 profe-

126 3276 203 3327 ctus*
225 3278 286 3345 est,
317 3269 371 3328 ubi
399 3271 505 3329 Castra
533 3278 605 3327 sunt
630 3266 762 3348 Apsarus
791 3270 888 3345 dicta,
919 3279 949 3329 et
978 3267 1083 3328 Phasis
1111 3269 1232 3345 fluvius,

125 3352 179 3412 ubi
199 3354 357 3414 interiores
380 3353 545 3434 Aethiopes
566 3352 713 3415 habitent.
745 3357 888 3434 Sepultus
911 3363 956 3414 est
976 3354 1074 3414 Patris
1102 3352 1235 3423 Achaiae
1308 3391 1314 3398 ·

125 3439 216 3517 urbe,
241 3460 311 3500 unm
331 3441 368 3500 ab
390 3441 520 3519 Aegeate
541 3439 573 3497 in
595 3448 718 3498 crucem
737 3451 824 3550 actps
842 3441 960 3503 fuisset

212 3597 262 3634 111.
304 3576 432 3641 lacobus
454 3574 600 3635 Zebedaei
621 3574 701 3633 lilius
711 3620 721 3652 ,
742 3570 903 3637 duodecim
918 3574 1015 3634 tribus
1030 3572 1121 3633 Israel
1133 3593 1232 3633 emen-

127 3681 194 3736 sus,
218 3660 370 3722 Christum
392 3664 574 3721 annuntians
597 3660 697 3738 gladio
721 3659 901 3741 interficitur
922 3660 958 3721 ab
973 3659 1232 3721 Herode‘Tetrar-

127 3745 201 3824 cha,
223 3748 385 3808 Caesareae
405 3747 481 3808 urbe
501 3747 692 3806 Palaestinae.

212 3902 256 3947 tv,
299 3883 425 3943 loannes
446 3882 529 3942 illius
550 3882 659 3957 frater,
680 3881 732 3960 qui
755 3868 917 3964 et'Ephesi
937 3879 1133 3959 Evangelium
1156 3894 1233 3938 con·-

128 3967 273 4048 scripsit,
304 3967 389 4044 (lum⁸
404 3966 559 4027 Christum
590 3967 763 4048 praedicat,
799 3968 965 4049 aTrajano
997 3968 1180 4047 Imperatore
1201 3965 1233 4022 in

129 4054 261 4113 lnsulam
274 4055 418 4113 Patmum
448 4063 575 4133 propter
597 4053 728 4113 Verbum
750 4052 861 4137 Christi
889 4054 920 4112 in
950 4053 1075 4112 exilium
1096 4051 1233 4109 mittitur.

129 4139 176 4199 Ex
198 4137 258 4198 hae
278 4158 373 4219 porro
397 4138 618 4215 translatione,
657 4140 735 4199 fama
761 4139 866 4201 extitit
892 4148 960 4198 cum
983 4135 1089 4199 Enoch
1118 4131 1148 4196 et'
1169 4134 1234 4194 Elia

43 4306 46 4317 ¹
130 4223 232 4285 adhue
252 4225 285 4283 in
308 4241 397 4285 carne
418 4225 520 4306 ipsum
542 4225 679 4286 existere.

134 4348 147 4373 ἰ
215 4338 266 4442 ψ’
289 4377 449 4460 Philippus
471 4378 633 4462 Apostolus
656 4330 724 4441 eum
750 4378 784 4438 in
807 4338 938 4459 Phrygia
959 4372 1154 4453 Evangelium
1171 4391 1235 4430 an-
