3016 4898
389 392 394 401 ,
502 330 548 395 nt
572 329 821 398 unomcou
842 330 1058 449 essenus.
1225 334 1334 444 ,²⁹⁵

226 512 290 574 qus
311 491 350 553 ad
376 492 534 555 Commodi
552 513 674 577 necem,
697 515 766 558 cnm
781 495 867 557 annia
886 496 1011 579 Imperii
1031 486 1201 579 pertexuit,
1222 509 1254 563 ot
1274 500 1333 562 ali·

116 621 119 626 ·
219 587 305 658 quot
324 577 402 639 alios
423 599 461 639 ax
482 579 604 640 Latinis.

312 663 387 741 Peg.
401 665 480 731 ¹365·
501 670 532 730 9.
574 659 637 743 Ap'
656 658 696 729 od
714 662 753 729 soi
775 667 924 747 Ρωμαίων
944 660 1101 748 ἤκμασεν]
1130 665 1240 730 Eadem
1267 666 1332 729 fers

227 747 378 826 Georgius
396 750 527 829 syncell.
549 771 582 831 p.
605 751 679 816 305.
701 752 755 833 qui
774 750 880 831 hebet,
908 749 960 817 eat
979 745 1105 830 rodeno,
1126 772 1157 813 eo
1179 756 1331 834 inparatus.

224 833 357 894 Proinde
377 833 554 913 legendum,
574 829 623 915 ἐφ’
642 827 691 900 od·
906 886 909 897 .

223 1001 285 1063 HI
311 918 388 996 Peg·
405 921 479 989 355.
502 926 551 987 13.
593 917 680 1005 Αρχή
702 923 920 1001 dediscendum]
948 919 1031 983 Haeo
1052 918 1161 983 abeunt
1182 941 1201 983 a
1222 920 1332 984 Codice

254 1005 385 1064 ostenii.

312 1088 386 1166 rag.
407 1089 481 1155 355.
504 1077 566 1155 145
595 1086 667 1154 Απὸ
686 1085 807 1174 πρώτου
829 1089 916 1166 eom
934 1093 994 1154 sos
1016 1087 1131 1171 raes]
1164 1092 1228 1153 ns
1249 1089 1331 1152 saut

224 1172 300 1237 Cod.
328 1174 426 1238 Vatie.
452 1174 657 1237 indictionum
684 1195 775 1237 usum
797 1197 814 1235 e
835 1175 915 1236 lulio
938 1176 1064 1236 Caesare
1086 1176 1242 1236 inventum
1265 1177 1332 1255 qui·

217 1255 296 1319 dana
318 1268 473 1339 praeterea
495 1260 612 1341 opinati
633 1272 721 1338 sunt,
742 1271 834 1342 atque
857 1261 948 1322 iniis
970 1261 1119 1340 Georgius
1138 1259 1331 1322 Hamartolus

213 1344 256 1403 in
279 1343 526 1406 Chron.b18.in
548 1346 654 1407 eodem
673 1348 767 1409 tutio:
797 1346 850 1411 uei
875 1342 930 1421 τοὶς
952 1347 1110 1421 Ινὸίκτους
1137 1345 1192 1410 καὶ
1216 1341 1250 1408 sd
1269 1347 1331 1410 Bi-

207 1429 330 1504 Υσεξτον
358 1429 496 1510 ἐφεῦρεν.
538 1414 601 1492 llas
625 1453 643 1492 a
669 1434 768 1513 primo
796 1431 931 1515 ejusdem
951 1432 1027 1513 Imp.
1049 1452 1129 1492 anno
1155 1431 1330 1512 auspicatur

223 1514 363 1594 Scriptus
384 1515 539 1576 Pasohslis
558 1515 713 1579 chronici:
735 1521 863 1579 Sanctus
884 1538 958 1580 vero
981 1517 1148 1593 Maximus,
1170 1536 1225 1580 seu
1247 1517 1330 1586 indi·

208 1600 289 1668 „cult
308 1597 360 1660 hie
379 1599 526 1682 descripti
544 1605 678 1681 Auctor,
706 1603 746 1664 ab
767 1625 845 1665 auno
866 1623 901 1665 11.
928 1603 1072 1681 Augusti,
1106 1622 1168 1684 quo
1189 1603 1226 1666 oi
1245 1602 1330 1670 Ivds·

127 1683 129 1688 ’
223 1707 292 1747 esus
310 1682 442 1768 ἤρξανω
463 1689 663 1767 ψηφίζεσθαι.
706 1689 768 1759 Sed
787 1699 950 1768 utrumque
973 1688 1102 1764 falsum,
1131 1708 1201 1752 cum
1215 1687 1332 1761 ¹id'no·

222 1769 312 1829 minis
340 1771 374 1830 in'
400 1780 571 1853 temporum
598 1773 756 1855 putatione
792 1783 858 1847 tum
887 1774 1020 1852 primum
1045 1768 1184 1833 auditum
1213 1781 1333 1833 constet
1349 1777 1374 1833 V
1389 1775 1444 1835 432

223 1856 424 1918 Constantino·
447 1858 487 1918 M.
515 1860 694 1937 imperante.
736 1857 832 1919 Porro
847 1855 938 1917 'hune
958 1856 1075 1934 locum,
1105 1855 1207 1936 quoad
1229 1878 1329 1918 auem

206 1939 457 2019 ‚Andochensm
488 1943 630 2023 pluribus
658 1943 809 2004 examinat
837 1942 969 2020 Scaliger
995 1941 1049 2023 lib.
1078 1962 1108 2003 v.
1137 1941 1175 2003 dc
1204 1941 1329 2024 Emend.

148 2095 155 2106 ,
222 2034 316 2107 temp,
338 2047 369 2107 p.
393 2029 469 2093 504,
489 2038 521 2088 et
542 2030 613 2095 505.
634 2038 798 2110 monetque
820 2049 880 2109 pro
907 2023 1006 2109 ἤγουν
1026 2022 1074 2109 ιβ.
1095 2026 1255 2106 legendum
1278 2031 1329 2090 Iv-

214 2107 404 2193 dlsaovss.
428 2120 460 2173 et
479 2132 538 2194 pro
559 2107 623 2178 aiod
642 2109 780 2196 πρώτης,
797 2112 955 2192 legendum
977 2106 1038 2176 siud
1058 2106 1181 2193 nonime
1197 2111 1251 2176 sod
1273 2103 1329 2175 od·

222 2219 280 2258 ται.
322 2197 413 2259 Hunc
432 2208 586 2277 praeterea
609 2199 735 2260 consule
755 2199 795 2262 ad
808 2197 978 2271 „Eusebium
995 2217 1063 2278 pag.
1076 2194 1148 2265 152.
1163 2207 1196 2260 et
1207 2198 1262 2259 lib.
1277 2220 1327 2266 111.

223 2282 337 2341 Canon·
352 2282 472 2363 ‚Isagog
496 2304 526 2363 p.
547 2288 621 2349 801.
643 2295 673 2345 et
693 2287 768 2350 302„
793 2283 848 2343 ubi
868 2283 1010 2343 observat
1037 2303 1131 2343 annos
1160 2281 1330 2344 Aufioche-

221 2367 340 2428 uos'in
367 2388 420 2429 xv.
445 2368 624 2429 distributos
654 2370 726 2430 dare
742 2362 858 2431 'veram
884 2367 1100 2444 Indictionem,
1132 2377 1223 2473 atqua
1251 2367 1327 2429 adeo

220 2451 294 2511 hine
315 2452 347 2512 in
367 2451 427 2513 hoe
449 2452 600 2516 Chronico
623 2475 727 2515 omnes
747 2475 842 2516 annos
864 2473 882 2511 a
907 2453 1049 2530 Caesare,
1077 2449 1132 2516 eod
1160 2449 1221 2516 und
1252 2474 1327 2533 χρη·

220 2540 371 2618 ματισμοῦ
396 2542 452 2619 τῆς
477 2540 654 2621 Αντιοχείας
681 2561 738 2620 per
765 2535 948 2600 indictiones
977 2538 1095 2619 putari,
1128 2557 1224 2618 quum
1257 2546 1328 2597 ants

218 2620 376 2704 Epocham
396 2623 613 2687 Antiochenam
634 2626 717 2686 nulla
736 2622 916 2686 Indictisnis
937 2624 970 2683 in
985 2622 1071 2684 anuis
1084 2631 1157 2683 nota
1172 2623 1222 2701 sit,
1243 2621 1327 2702 quod

218 2718 254 2768 et
273 2708 374 2790 ipsum
394 2717 500 2770 notatu
520 2711 645 2790 dignum
666 2732 731 2772 esse
755 2710 813 2788 ait,
843 2730 913 2770 enm
934 2707 1054 2790 iprocnl
1074 2706 1187 2783 dubio,
1213 2708 1327 2786 inquit,

202 2813 326 2854 omnes
346 2793 530 2856 Indictiones
554 2797 591 2857 ab
616 2795 802 2862 Antiocheua
824 2795 978 2857 derivatae
1003 2795 1081 2868 sint,
1109 2811 1186 2873 quae
1207 2814 1224 2852 a
1245 2791 1326 2853 Maio

222 2898 325 2940 mense
345 2877 448 2940 inibat.
469 2880 529 2941 Hie
551 2892 703 2944 caeterum
723 2882 798 2944 mire
818 2881 921 2941 turbat
942 2879 1059 2939 Auctor
1079 2877 1234 2954 Chrouioi,
1256 2898 1326 2938 cum

222 2963 355 3046 primum
378 2964 451 3024 iulii
479 2967 615 3030 Caesaris
641 2968 763 3048 Imperii
791 2987 902 3028 annum
931 2965 964 3025 in
994 2964 1191 3026 Consulatum
1219 2962 1328 3045 Lepidi

221 3059 254 3111 et
274 3048 378 3110 Planci
405 3051 545 3133 conjicit,
574 3054 629 3133 qui
657 3053 776 3115 biennio
796 3063 865 3114 ante
886 3074 903 3112 a
924 3052 1023 3112 Bruto
1045 3060 1076 3111 et
1097 3051 1198 3111 Cassio
1220 3068 1327 3110 caesus

201 3135 354 3214 obierat,
376 3145 553 3217 caeteraque
575 3138 721 3198 edilium
744 3138 909 3220 spectantia
929 3137 963 3196 in
985 3157 1077 3197 annos
1099 3144 1268 3216 sequentes,
1289 3142 1326 3193 ut

214 3230 256 3282 et
276 3221 340 3300 ejus
360 3232 489 3282 mortem
508 3222 647 3303 conjicit:
659 3209 746 3301 ⁴qua’e
767 3222 890 3302 quidem
912 3220 951 3280 ab
971 3218 1082 3302 ineptis
1102 3219 1205 3280 sciolis
1224 3220 1256 3278 iu
1269 3219 1325 3279 Pa-

220 3303 357 3366 sohalion
379 3306 485 3368 alienis
505 3307 583 3368 locis
603 3305 733 3369 subinde
752 3308 887 3384 intrusa,
907 3303 992 3366 haud
1013 3323 1100 3383 aegre
1122 3299 1325 3365 emendabun-

221 3400 289 3467 tur,
314 3391 340 3451 si
366 3386 437 3453 euni
466 3393 616 3454 duntaxat
640 3393 764 3474 Imperii
789 3390 861 3452 tulii
889 3390 1022 3450 Caesaris
1047 3387 1100 3448 hie
1119 3386 1234 3461 notati,
1261 3406 1324 3447 non

220 3485 321 3536 autem
344 3477 503 3556 Consules,
525 3470 720 3559 spectantur,
740 3487 771 3540 et
791 3477 854 3537 auis
875 3474 1045 3556 quibusque
1066 3473 1143 3536 loeis
1164 3491 1257 3552 supra
1277 3471 1325 3532 in.

221 3571 373 3622 aarautur:
404 3583 460 3623 nac
485 3564 581 3641 enim,
605 3563 695 3643 quod
722 3563 840 3633 censuit
859 3560 992 3637 Scaliger
1011 3559 1043 3618 in
1064 3557 1148 3619 Notis
1170 3556 1211 3618 ad
1231 3557 1325 3618 Euse-
1390 3583 1394 3589 ⁴

220 3646 305 3706 bium
327 3666 395 3727 pag.
420 3651 491 3713 157.
511 3650 581 3711 ideo
601 3652 720 3711 Auctor
742 3646 871 3724 erravit,
897 3645 968 3727 quia
989 3651 1063 3723 post
1085 3662 1129 3706 vs.
1151 3633 1263 3720 annos,
1293 3652 1324 3702 et

220 3731 254 3795 in
275 3733 440 3792 Consulatu
459 3734 571 3795 Planci
585 3744 621 3796 et
636 3734 763 3816 Lepidi,
789 3751 875 3794 aerae
902 3726 1106 3791 Antiochense
1126 3728 1233 3789 statuit
1260 3727 1323 3787 ini·

211 3817 309 3894 -tium,
330 3836 410 3893 cum,
430 3817 528 3899 inquit
547 3821 609 3896 ille,
630 3830 775 3900 aequatur
793 3817 955 3879 Eusebium
975 3815 1009 3875 in
1029 3813 1218 3890 Consulibus,
1240 3814 1322 3891 quod

220 3910 254 3963 et
280 3902 354 3962 facit
383 3903 510 3965 Orosius
541 3915 572 3967 et
599 3905 810 3980 Cassiodorus,
837 3913 874 3964 ut
903 3900 1063 3982 aliquando
1087 3920 1128 3960 vs.
1158 3897 1322 3978 aliquando

219 4006 391 4068 paucorum
424 4007 571 4054 annorum
602 3992 763 4052 intervallo
793 3988 958 4068 mticipent
991 3983 1147 4067 Epocham
1175 3980 1323 4062 Regifugii

219 4081 275 4131 aut
301 4073 441 4133 Palilium
471 4076 563 4137 urbis.
605 4078 709 4156 Neque
737 4076 816 4137 enim
841 4074 864 4134 ii
890 4091 968 4154 qnae
998 4070 1174 4132 acciderunt
1199 4069 1231 4133 C.
1252 4064 1323 4126 Julii

219 4157 355 4218 Caesaris
375 4161 582 4239 temporibus,
604 4182 703 4241 neque
722 4161 806 4221 illius
825 4159 951 4239 imperii
973 4178 1067 4218 annos
1087 4153 1217 4231 Augusti
1236 4151 1323 4210 annis

220 4241 462 4324 adscripserunt,
489 4257 525 4308 ut
552 4245 604 4306 hic
628 4248 743 4309 factum
770 4245 965 4308 advertimus.
1008 4243 1084 4302 Cum
1112 4238 1207 4316 igitur
1225 4235 1323 4294 Julius

221 4325 329 4391 &saar
359 4327 505 4413 Princeps
532 4332 659 4410 sennua
674 4332 852 4415 ,imperator
878 4329 1008 4406 dicitur,
1044 4328 1150 4388 Pansa.
1166 4328 1198 4382 st
1223 4317 1323 4382 Hirtio
