3016 4898
270 342 347 417 228
512 341 697 443 SELEGTA
716 342 772 413 AD
793 342 1164 414 ILLUSTRATIONEM

729 778 925 867 xxva.
984 730 990 737 ’

105 932 149 987 Ea
164 930 255 985 aaran

106 1000 274 1058 aeas.
451 908 1202 1044 unruonussrscrannn

105 1071 275 1212 {mm
328 1088 399 1180 ar
431 1105 706 1183 rovuunu
737 1092 1109 1183 mvasrrasrrm
1140 1102 1322 1200 armo,

316 1270 320 1281 '
386 1260 468 1337 Qus
488 1262 636 1322 UTITUR
656 1260 814 1321 AUCTOR
834 1261 1023 1331 CHRONICI
1045 1261 1268 1323 PASCHALlS.

255 1486 257 1490 -
358 1447 534 1510 Cbmnicon
554 1447 792 1510 Alexandrinum
820 1447 936 1528 aliquot
962 1448 1038 1510 locis
1060 1457 1234 1529 epactarum
1256 1445 1383 1508 metho—
1478 1504 1485 1521 ,

140 1548 205 1617 Peg.
211 1551 255 1600 τι.
273 1535 346 1596 dum
367 1556 401 1596 sc
421 1521 570 1594 novilunii
597 1534 796 1625 investigandi
817 1535 963 1595 rationem
983 1536 1129 1616 explicat
1151 1557 1241 1614 quam
1258 1535 1382 1632 quidem

273 1644 291 1681 a
311 1621 420 1681 Martio
442 1640 544 1680 mense
569 1609 709 1695 deducit,
740 1630 769 1680 et
791 1619 828 1679 ab
859 1620 922 1700 ejus
944 1641 1012 1681 xxi.
1035 1622 1093 1685 die
1137 1622 1213 1696 Nam
1235 1641 1290 1681 xx.
1312 1619 1381 1700 pri-

271 1728 338 1769 mos
360 1705 423 1767 dies
446 1715 592 1787 perpetua
613 1707 680 1785 lege
701 1706 738 1766 ad
763 1714 882 1787 epactas
903 1705 1017 1787 adjicit.
1057 1710 1183 1786 Epactas
1203 1716 1304 1766 autem
1320 1725 1381 1764 non

122 1793 255 1865 Pagrae.
273 1793 379 1853 eodem
401 1793 492 1853 modo
514 1801 678 1872 computat.
723 1792 845 1872 Quippe
867 1792 939 1850 alibi
961 1793 1103 1872 populari
1135 1792 1259 1852 calculo⁴
1275 1792 1382 1851 decem

121 1881 254 1954 Pegaso.
272 1879 313 1939 ad
334 1899 457 1939 aureum
481 1879 601 1958 cyclum
623 1879 712 1938 lunae
735 1879 886 1954 labentem
909 1878 1061 1957 adjungit:
1092 1879 1166 1938 elias
1197 1899 1237 1938 ex
1260 1878 1382 1955 Diony-

272 1966 326 2042 sii,
356 1964 469 2041 Redeo,
500 1974 749 2042 caeterorumque
777 1964 1026 2043 computistarum
1053 1964 1243 2044 praescripto
1276 1963 1406 2022 decem-

271 2050 309 2111 sd
331 2050 401 2109 anni
422 2049 585 2129 superioris
608 2049 727 2129 cyclum
749 2049 845 2111 addit.
889 2050 1027 2129 Exempli
1056 2070 1145 2110 causa
1174 2070 1254 2114 auno
1276 2045 1383 2107 mundi

272 2139 367 2202 8838.
389 2156 449 2215 quo
473 2135 603 2202 exodum
626 2135 799 2212 consignat,
818 2135 939 2214 cyclum
961 2136 1051 2194 lunae
1073 2156 1137 2197 xlx.
1159 2144 1308 2211 numerat,
1331 2132 1382 2192 ei-

143 2242 150 2254 ·
273 2240 332 2300 que
352 2221 460 2281 tribuit
481 2230 602 2302 epactae
625 2242 698 2291 xxx.
717 2219 794 2279 haec
822 2230 867 2280 est
885 2220 1001 2299 plebeia
1017 2231 1192 2301 epactarum
1207 2218 1380 2280 methodus.

271 2308 312 2367 As
333 2327 407 2368 vero
430 2308 522 2374 5507.
543 2307 576 2367 in
598 2328 687 2386 quem
709 2307 839 2365 natalem
854 2303 964 2365 Christi
986 2309 1121 2383 confert,
1148 2307 1268 2386 cyclum
1291 2307 1381 2365 lunae

273 2402 431 2473 computat
451 2414 515 2453 xvr.
539 2404 660 2474 epactas
680 2413 755 2452 vero
771 2412 826 2453 xv.
871 2392 928 2450 Ubi
951 2402 1070 2471 epactas
1091 2393 1225 2473 appellat
1246 2391 1312 2451 dies
1333 2410 1381 2451 re·

271 2480 375 2539 siduos
407 2499 445 2538 ex
473 2500 551 2539 auno
578 2479 751 2559 superiore,
795 2477 916 2558 sejam
943 2479 1130 2557 praeterito,
1167 2477 1322 2557 quomodo
1349 2483 1381 2535 et

272 2565 434 2644 Dionysius
455 2585 490 2623 ac
517 2564 600 2624 Beda
622 2581 778 2644 'usurpare
799 2565 906 2623 solent.
950 2565 995 2624 Ita
1019 2565 1107 2644 cyclo
1129 2586 1160 2624 x.
1183 2542 1307 2644 epictas
1329 2583 1379 2622 as-

272 2651 371 2729 signat
392 2671 434 2712 rx.
458 2659 488 2710 et
509 2651 597 2729 cyclo
619 2671 662 2709 rx.
685 2660 806 2730 epactas
827 2670 940 2710 xxvnr.
992 2650 1059 2710 Hoc
1081 2648 1175 2729 igitur
1196 2650 1288 2709 modo
1310 2668 1382 2709 cum

156 2741 250 2801 rtet
274 2746 338 2797 eta
360 2736 468 2795 Martio
490 2746 665 2816 epactarum
685 2735 843 2795 ratiocinia
866 2735 1049 2815 procedant,
1076 2746 1107 2796 et
1128 2736 1285 2816 praeteriti
1309 2733 1382 2793 anni

271 2821 386 2881 residui
409 2821 473 2881 dies
495 2831 699 2898 assumantur,
721 2823 799 2881 falsa
822 2822 878 2881 erit
892 2822 1092 2899 Scaligeriana
1113 2821 1285 2890 methodus,
1308 2820 1382 2899 quie

271 2908 385 2966 iccirco
407 2906 594 2966 decurtatam
619 2927 718 2965 aeram
741 2906 827 2966 annis
849 2927 914 2969 x1v.
939 2908 1107 2986 existimat,
1135 2904 1382 2985 utaSeptembri

272 3002 446 3072 epactarum
467 2992 678 3071 progressione
700 2992 800 3069 sacta,
821 2993 978 3053 novilunia
1000 2994 1105 3053 diebus
1127 2993 1189 3053 suis
1210 2991 1382 3072 redderen-

272 3087 331 3137 tur.
376 3079 452 3137 Nam
473 3080 505 3138 in
527 3078 579 3136 illa
596 3077 739 3138 Chronioi
755 3079 907 3155 doctrina,
929 3089 1049 3159 epactae
1063 3080 1144 3139 solae
1159 3079 1272 3157 absque
1286 3096 1381 3156 regu·

272 3163 386 3223 laribus
407 3164 488 3233 illis,
510 3183 579 3223 cum
602 3163 708 3223 diebus
733 3165 842 3224 mensis
865 3166 1023 3244 copulatae
1043 3164 1212 3224 neomenias
1234 3161 1382 3222 exhibent

270 3248 302 3308 in
325 3250 425 3330 primo
447 3270 557 3312 mense.
601 3250 638 3309 In
661 3251 786 3310 caeteris
806 3251 959 3325 regulares
981 3249 1180 3310 adhibentur:
1210 3248 1309 3329 Aprili
1331 3247 1380 3308 vi·

184 3380 189 3389 ,
225 3357 228 3367 ·
271 3335 395 3412 delicet,
417 3357 437 3398 1.
462 3335 560 3412 Maio,
581 3357 617 3397 ιι.
639 3346 695 3395 etc.
717 3335 902 3417 Septembri,
925 3356 994 3400 vm.
1036 3337 1203 3397 Doceamus
1231 3332 1292 3394 hoc
1319 3354 1380 3394 uno

270 3422 367 3481 aliove
389 3423 538 3500 exemplo.
583 3423 655 3482 Esto
685 3422 790 3502 cyclus
820 3421 1020 3501 Dionysianus
1042 3443 1094 3484 ιιι.
1118 3420 1380 3500 Constantinopo-

166 3520 168 3525 '
201 3552 203 3557 -
269 3508 381 3568 litanus
409 3530 440 3568 x.
473 3517 594 3586 epactae
625 3529 662 3567 ex
697 3506 902 3567 Alexandrino
932 3506 1081 3567 Chronico
1110 3515 1199 3567 erunt
1226 3527 1269 3566 ιιι.
1320 3507 1379 3565 Eae

270 3613 365 3672 porro
388 3613 456 3652 cum
478 3613 556 3654 xxn.
579 3593 679 3652 Martii
701 3593 769 3671 die,
800 3593 875 3654 dant
895 3612 985 3655 xm.
1007 3595 1071 3653 sive
1096 3592 1294 3655 novilunium.
1338 3589 1380 3649 At

269 3677 301 3735 in
324 3677 492 3756 Septembri
512 3678 619 3738 iisdem
642 3678 754 3757 cyclis,
777 3688 901 3760 epactae
921 3699 965 3740 rx.
988 3699 1056 3738 eum
1078 3699 1131 3742 xv.
1156 3679 1205 3739 die
1227 3676 1380 3758 Septemb.

260 3773 300 3838 *et
323 3763 512 3840 regularibus
534 3782 588 3823 vn.
609 3764 735 3824 totidem
758 3764 821 3824 dies
844 3763 1019 3842 conficient,
1041 3785 1150 3845 nempe
1170 3784 1261 3825 xxxr.
1302 3762 1380 3822 Item

271 3848 358 3927 cyclo
381 3848 564 3928 Dionysiana
581 3871 624 3910 ιιι.
645 3850 978 3930 Constantinopolitano
1002 3871 1047 3912 rx.
1070 3863 1193 3932 epactae
1209 3869 1323 3910 xxvnr.
1340 3867 1380 3907 ex

269 3933 467 3993 Alexandrini
490 3933 632 3994 Chronioi
658 3933 803 3995 methodo
826 3955 895 3996 cum
917 3936 1008 3997 tertio
1036 3936 1137 3997 Martii
1159 3937 1233 3996 dant
1253 3933 1379 3994 novilu-

268 4019 361 4078 nium.
406 4020 439 4078 ln
461 4020 630 4100 Septembri
656 4021 777 4080 eaedem
801 4031 925 4102 epactae
946 4041 998 4082 xv.
1021 4042 1090 4082 cum
1112 4020 1301 4101 regularibus
1323 4039 1377 4079 vu.

269 4113 299 4163 et
320 4125 362 4163 ιιι.
385 4104 491 4164 diebus
513 4105 696 4185 Septembris
717 4106 797 4166 idem
812 4107 1004 4168 novilunium
1026 4107 1201 4169 ostendunt.
1244 4108 1378 4187 Apparet

268 4208 340 4267 ergo
363 4191 445 4251 nulla
468 4195 606 4271 computi
626 4191 813 4252 mutilatione
839 4212 930 4272 opus
947 4213 1012 4253 esse
1040 4195 1079 4254 ad
1110 4194 1232 4253 lunares
1256 4200 1377 4272 epactas

104 4346 109 4353 ,
268 4275 494 4355 procudendas,
525 4296 602 4356 quae
631 4298 700 4337 cum
728 4280 872 4362 ποστιαίᾳ
896 4279 1009 4339 mensis
1030 4288 1062 4339 et
1070 4278 1275 4378 regularibus
1297 4298 1377 4337 neo-

169 4408 175 4445 ,
266 4362 380 4424 menies
394 4361 554 4429 exhibent.
572 4362 724 4446 siquidem
743 4383 814 4426 aera
835 4340 887 4425 illa
908 4368 1094 4446 eommunis,
1116 4363 1205 4449 eujus
1220 4365 1377 4426 inannum
