2992 4894
495 301 806 383 PRAEFATIO.
1165 320 1216 397 45

103 491 164 575 osis
189 484 416 598 olsovpiuns‘'
395 504 518 553 ααασαν
535 486 625 570 sitlos
648 490 737 571 δίκην
750 485 850 569 ἐπέχει
876 492 915 575 τῇ
935 490 1135 578 προσηγορία,
1163 492 1216 555 sal

102 577 231 643 πάντων
256 570 436 659 ἀνθρώπων
465 574 499 639 ἐν
523 572 649 656 osdpool
676 575 738 638 ἐστι
734 571 901 679 τοῦνομα.
950 578 1094 636 Rursum:
1134 576 1217 640 Odi

109 671 232 738 Ῥαατος
253 665 293 725 ἓν
317 665 487 768 πανταχοῦ,
493 659 566 722 'sol
580 656 813 769 τοολΰνχρόνον,
835 655 945 723 ἐλαττω
965 663 1018 724 καὶ
1037 663 1129 725 πλείω
1148 664 1216 725 ἆτο-

105 751 197 832 μίζων
204 794 214 826 ,
239 743 301 810 osis
314 747 373 810 ἐῶν
388 744 459 820 τοος
472 742 684 827 νεωτέρους
647 770 685 808 τα
701 750 764 808 τοῖν
776 743 986 828 αρετβατέροον
1002 746 1086 827 ἔχειν.
1129 742 1216 808 Unde
1283 746 1284 749 ’

102 838 134 895 S.
161 830 420 917 Epiphaniusl),
452 832 503 890 uhi
530 830 640 891 Christi
668 832 785 912 priores
813 852 887 893 xxx.
917 850 1010 891 annos
1034 837 1216 913 percensuit,

103 918 181 979 haec
195 919 318 978 subdiu
337 917 391 980 καὶ
405 912 517 1002 doust
498 940 545 980 οτι
554 917 789 1025 τριακονταέτης
807 916 867 980 ἐστὶ
891 914 1015 998 χρόνος,
1037 916 1085 982 dsd
1107 916 1216 1027 ἐφιλο-

103 999 304 1086 τιμησᾶμεθα
323 1027 377 1076 τας
397 979 566 1109 καθεξῆς’
546 1004 654 1066 cnossi
654 1027 689 1076 ας
715 996 848 1085 ἄκριβῶς
864 1002 996 1079 θέσθαι,
1026 1004 1069 1077 εἰς
1092 998 1126 1065 τὸ
1145 1000 1217 1079 τούς

104 1089 320 1197 σοερχομένονς
336 1083 468 1160 ἰδεῖν,”
450 1110 496 1151 οτι
513 1083 570 1151 osias
590 1087 650 1151 ἔστι
666 1111 695 1150 τι
700 1088 999 1196 παραπετοιημένον
1022 1088 1055 1152 ἒν
1074 1112 1116 1172 τῳ
1104 1090 1215 1174 θείῳ

104 1171 232 1257 δόγματι
249 1198 308 1255 της
320 1168 483 1254 olerdulae
510 1166 584 1236 ἄλλα
603 1194 674 1254 μετα
667 1167 857 1283 ααριβείας
860 1197 897 1236 τα
911 1167 1010 1236 sudoro
1033 1178 1072 1260 τῇ
1093 1151 1216 1256 hirsutu-

105 1263 157 1322 σία
175 1256 377 1366 sessionarias·
405 1254 509 1332 τὶς
470 1283 527 1341 γαρ
548 1253 719 1365 αριθμῆσαμ
735 1256 790 1334 τας
812 1284 854 1340 μη
847 1255 1043 1361 δυναμένας
1062 1264 1218 1340 σφαλῆναι

106 1323 184 1408 καθ’
205 1341 315 1427 sippsiv
331 1343 493 1419 cnossiae,
517 1340 556 1407 ου’
575 1340 795 1426 καταγνώσεται
814 1349 877 1407 τῶν
897 1341 1082 1445 νομιζόντων
1096 1347 1217 1423 διαφω-

106 1432 179 1494 νίαν
128 1426 297 1507 lslvocs3
318 1430 445 1489 Festos
434 1432 529 1508 sgrtur
544 1431 748 1491 Consulares
739 1452 771 1490 sn
790 1431 931 1510 putandis
951 1431 1036 1491 annis
1052 1430 1217 1491 adhibuere

106 1514 299 1576 Pasohslium
304 1516 518 1614 coniectores,
541 1516 637 1576 veluti
653 1516 851 1597 praecipuum
868 1538 903 1576 so
917 1526 1031 1575 certum
1046 1526 1217 1597 temporum

108 1600 310 1680 Cononem,'
301 1622 332 1660 sn
345 1601 497 1661 firmandis
512 1601 696 1662 Christianae
710 1603 865 1680 religionis
879 1602 1070 1680 argumentis.
1101 1602 1218 1677 Quem·

107 1687 273 1747 admodum
286 1685 472 1767 Theophilus
487 1688 621 1747 Antistes
637 1688 856 1748 Alexandrinus
868 1686 1058 1747 Laterculum
1073 1708 1129 1767 per
1144 1706 1219 1746 can·

107 1784 171 1833 tum
193 1793 290 1832 annos
314 1773 460 1850 digestum
493 1773 718 1853 conscripsisse
735 1768 867 1849 dicitur,
894 1795 910 1832 a
934 1775 1032 1852 primo
1052 1774 1218 1832 Consulatu
1294 1774 1297 1785 '

108 1858 273 1917 Theodosii
296 1856 423 1936 Augusti
446 1866 476 1917 st
494 1860 630 1919 Gratiani
655 1879 685 1920 v.
713 1858 745 1918 iu
776 1878 836 1936 quo
862 1877 1061 1918 annumerans
1089 1857 1126 1916 ah
1146 1878 1216 1917 vus.

108 1944 180 2003 Idus
195 1942 299 2003 Martii
319 1962 415 2022 usque
437 1946 469 2002 in
491 1945 569 2005 diem
591 1945 692 2004 Nonas
714 1942 842 2024 Aprilis,
865 1943 999 2024 quolibet
1015 1942 1115 2002 medio
1127 1941 1219 2022 hujus

107 2030 255 2110 temporis
270 2029 384 2108 spatio,
406 2041 506 2089 uatem
523 2029 663 2112 perhihet
678 2031 791 2089 Lunam
811 2029 912 2090 lacere
929 2029 1020 2110 primi
1036 2029 1145 2088 mensis
1160 2028 1221 2087 ini·

107 2114 202 2189 tium,
230 2123 267 2175 ut
286 2114 423 2173 scribunt
447 2115 602 2175 Victorius
620 2124 650 2175 et
674 2115 804 2175 idatiust
837 2116 919 2176 unde
937 2115 1076 2175 Chronioi
1100 2115 1220 2174 nornine

109 2202 240 2259 eundem
259 2200 452 2258 Leterculum
479 2201 574 2260 donat
600 2201 726 2261 Joaones
750 2201 976 2263 Sarisheriensis
994 2197 1051 2285 Ἄ),
1081 2199 1161 2278 quod
1188 2198 1222 2257 in

110 2304 148 2345 eo
169 2283 333 2343 Consulum
354 2285 512 2382 Catalogus
532 2285 692 2362 digeratur.
747 2285 832 2344 Hanc
857 2286 946 2347 stium
965 2284 1119 2344 Paschalia
1145 2285 1223 2343 scri·
1252 2340 1255 2347 .

18 2390 20 2401 ⁴
109 2369 201 2429 bendi
221 2369 368 2430 rationem
389 2370 486 2446 attigit
510 2367 702 2449 essesut),
741 2368 825 2430 hisce
854 2369 974 2430 verbis:
1017 2368 1052 2427 A
1073 2367 1170 2427 Bruto
1196 2381 1224 2426 et

113 2455 281 2536 Tarquinio
296 2478 386 2537 usque
408 2452 450 2514 ad
470 2451 662 2516 Consulatum
685 2469 827 2531 oestrum,
849 2455 926 2515 sicul
944 2475 986 2514 eor
1005 2452 1077 2512 Tuo
1090 2451 1181 2511 Livio
1196 2467 1224 2510 et

60 2600 63 2605 ⁴
109 2538 238 2620 Aufidio
253 2538 369 2618 Basso,
390 2556 417 2600 et
432 2536 577 2600 Posohole
598 2543 727 2602 uirorum
749 2538 899 2601 clarorum
914 2537 1224 2621 auctoritateflrmato

112 2623 299 2723 colligimus,
322 2626 395 2684 anni
418 2640 485 2685 sunt
503 2645 604 2685 ssxxx.
647 2624 716 2685 Non
736 2626 846 2686 mirum
866 2625 994 2704 proinde
1010 2623 1110 2682 videri
1124 2621 1223 2698 dohet,

111 2709 138 2768 si
153 2721 261 2770 ructor
278 2708 419 2769 Chronisi
435 2710 588 2770 Paschalis
610 2710 744 2772 eadem
734 2733 766 2771 un
786 2710 995 2790 consignandis
1011 2717 1180 2789 temporum
1195 2718 1225 2766 et

18 2832 20 2849 .
113 2815 259 2855 annorum
271 2798 351 2855 notis
367 2797 463 2856 utitur
473 2786 633 2873 methodo,
655 2814 707 2857 sua
733 2806 834 2858 aetate
850 2805 992 2878 recepta,
1015 2802 1045 2854 st
1062 2790 1224 2854 aPaschs·

113 2879 184 2975 lium
199 2881 423 2943 confectoribus
434 2881 582 2944 hactenus
596 2892 752 2963 usurpate.

147 3050 351 3114 ·xxxv1t.
395 3052 552 3112 Caeterum
582 3073 639 3134 per
668 3052 882 3132 quadriennis,
911 3071 964 3110 seu
987 3048 1221 3130 τετρααηρίδας,
1227 3020 1378 3152 ffim'st}

115 3156 189 3215 quas
208 3137 406 3220 Olympiadas
421 3147 531 3215 vo,cet
554 3138 730 3199 Consules
720 3160 747 3198 ss
770 3138 910 3217 digessit,
934 3135 1086 3215 quomodo
1106 3133 1219 3193 haben·
1231 3114 1370 3238 Olympi:

114 3224 185 3282 tur
176 3245 208 3283 sn
221 3224 318 3283 Fastis
332 3224 478 3303 antiquis,
502 3244 579 3302 quos
592 3225 696 3285 laudet
713 3221 965 3304 cuspinianus,
954 3242 987 3279 sn
1001 3221 1099 3280 Fastis
1118 3219 1224 3281 Victo·
1247 3236 1303 3290 d„

114 3308 169 3385 rii,
197 3319 234 3370 ut
257 3318 385 3369 testatur
405 3306 587 3385 Bucherius,
618 3320 648 3370 et
669 3311 702 3368 in
723 3311 889 3387 fragmento
909 3307 1065 3365 Fastorum
1087 3306 1124 3364 ab
1146 3325 1225 3366 anno
1304 3381 1308 3395 Ι

116 3357 228 3454 Chiisti
244 3412 327 3455 cccv.
349 3394 387 3454 ad
411 3412 523 3455 annum
542 3414 656 3455 occulo.
679 3404 710 3454 et
732 3396 765 3453 in
780 3391 916 3453 Psechali
940 3399 1062 3450 centum
1077 3409 1226 3451 annorum

115 3476 231 3539 initium
253 3480 383 3540 ducente
405 3502 423 3538 a
444 3480 608 3539 Consulatu
629 3479 817 3540 Constantini
839 3498 873 3536 11.
896 3485 927 3535 et
949 3475 1056 3534 Licinii
1067 3495 1101 3534 11.
1117 3475 1154 3534 ab
1173 3495 1226 3536 so-

116 3562 183 3623 dem
199 3565 350 3626 Bucherio
364 3561 401 3648 4)
425 3564 531 3641 editis,
550 3565 603 3624 ubi
626 3566 741 3664 singula
760 3561 958 3644 quadriennis
975 3560 1017 3620 ita
1029 3560 1226 3639 distinguun-

115 3657 184 3726 tur,
205 3661 241 3711 ut
261 3672 356 3710 annus
381 3651 505 3710 illorum
532 3651 647 3731 primus
669 3650 711 3710 sit
731 3668 854 3729 semper
866 3647 1051 3724 Bisseutilis,
1080 3647 1166 3706 litera
1189 3648 1225 3705 B.

116 3732 183 3795 ideo
196 3745 334 3811 notatus,
358 3735 482 3818 adjectis
505 3747 658 3815 praeterea
676 3734 818 3795 Kalendis
832 3732 964 3807 ianuarii
984 3742 1014 3792 st
1030 3732 1168 3813 lipactis,
1190 3739 1226 3790 ut

115 3817 146 3877 iu
166 3821 240 3886 Cod
258 3822 417 3881 Colberteo
438 3841 525 3881 ooxu
547 3823 627 3901 cycli
650 3819 941 3893 Decsmnovennsles
972 3817 1150 3897 digeruntur
1175 3837 1229 3914 per
1250 3827 1273 3880 P
1291 3827 1324 3882 st

115 3901 286 3987 Bissextos,
314 3907 401 3966 initio
421 3906 515 3968 ducto
540 3909 578 3967 sb
606 3929 684 3968 anno
701 3906 854 3968 Bissextili
872 3923 996 3966 uxxxrr.
1027 3922 1105 3981 quos
1128 3901 1229 3960 omisit

124 4043 329 4058 —s—-a-——nn-

150 4138 288 4278 {iilis
291 4143 381 4266 lla·
399 4145 442 4199 ²²

151 4277 181 4344 Ι)
199 4278 229 4330 ln
247 4278 320 4332 Fest.

151 4346 185 4419 ⁴)
203 4347 313 4401 Bucher
329 4365 356 4420 p.
376 4352 417 4404 11
