2992 4894
535 298 840 370 PRAEFATlo.
1193 311 1242 385 η

130 494 244 539 annum
259 496 345 538 sunm
364 485 548 556 agnosceret.
591 477 688 558 Atque
700 477 771 537 inde
785 476 909 553 tectum,
929 485 965 536 ut
978 476 1118 558 deinceps
1131 476 1242 539 istius-

132 564 217 625 modi
236 563 431 623 Pascbah‘bus
451 573 539 622 notae
561 562 635 623 istae
661 580 763 624 omnes
787 562 1025 641 chronologicae
1051 580 1242 644 opponeren—
1320 641 1323 647 1

132 661 201 726 tur,
231 666 360 728 quarum
383 647 576 729 caeteroquin
603 650 735 727 origines
763 659 795 709 et
815 649 1062 709 characterismos
1085 650 1243 710 chronicis

133 737 197 796 suia
213 735 518 796 demonstrationibus
535 735 675 795 interseri
687 736 796 795 debere
815 744 998 794 censuerunt
1012 730 1119 797 deinde
1136 738 1243 816 cyclo-

131 840 202 883 rum
218 823 402 884 conditores.
447 826 546 899 Atque
566 817 638 880 bino
659 840 733 882 usus
745 821 874 881 invaluit
886 831 922 880 ut
933 818 993 880 hoe
1005 821 1065 900 ipsi
1084 831 1244 881 utaentur

132 906 279 969 methodo
302 908 552 986 notissimorum,
582 908 689 987 quibus
708 914 812 966 eorum
832 906 1021 987 potissimum
1040 907 1178 968 nituntur
1192 927 1243 969 ro-

133 994 238 1072 gales,
261 993 420 1054 certiorem
436 992 581 1054 rationem
594 993 841 1073 investigandam.

221 1213 353 1275 XXXV.
393 1176 439 1275 En
468 1212 564 1274 missis
591 1210 684 1293 igitur
712 1212 753 1274 sd
782 1178 914 1293 singulas
941 1210 1088 1289 Ecclesiae
1110 1212 1378 1291 quolibethbulsa,

136 1320 216 1365 anno
235 1299 380 1378 Epistolis
399 1300 673 1379 istispEncycliois,
696 1300 941 1360 describebantur
959 1299 992 1357 in
1005 1297 1137 1375 Tabula,
1167 1290 1410 1431 quaeipisitihbiib

1279 1446 1297 1482 ιι

134 1386 170 1445 in
186 1384 310 1446 aedibus
323 1386 417 1445 sacris
432 1386 675 1465 appendebatur,
697 1397 818 1467 praeter
833 1386 928 1462 diem,
951 1404 1012 1464 quo
1030 1383 1245 1461 celebrandum
1296 1445 1326 1483 ω

134 1481 200 1545 erat
220 1470 366 1531 Paschale
388 1473 524 1547 Festum,
546 1492 641 1531 annus
654 1471 721 1550 ipse
742 1493 803 1552 quo
820 1491 871 1531 eae
888 1470 933 1531 uti
953 1469 1108 1546 solebant,
1129 1491 1163 1529 ac
1176 1490 1246 1530 cae·
1326 1466 1334 1482 ‘

135 1559 194 1616 teri
214 1556 323 1616 deinde
344 1578 491 1619 annorum
509 1556 747 1635 characterismi,
767 1558 868 1625 varias
889 1557 972 1636 apud
987 1563 1088 1633 gentes
1109 1555 1157 1615 vel
1169 1555 1247 1616 civi-

136 1652 213 1703 tates
227 1641 366 1722 recepti,
380 1652 416 1702 ut
434 1644 484 1705 vel
497 1642 566 1705 iude
581 1653 709 1723 pateret.
721 1643 754 1702 in
773 1644 943 1722 peragendo
965 1639 1113 1700 Paschate
1131 1662 1247 1720 perpe·

135 1736 223 1786 tuum
240 1749 303 1801 esse
323 1729 472 1788 Ecclesiae
491 1748 685 1806 consensum,
709 1727 885 1807 nullamque
908 1736 1012 1786 extare
1034 1726 1068 1784 in
1085 1736 1149 1785 toto
1170 1727 1244 1787 orbe
1261 1734 1286 1786 V
1302 1735 1337 1791 27

137 1812 351 1873 diversitatem.
393 1815 500 1892 Neque
516 1815 638 1873 aliunde
660 1815 812 1875 variarum
835 1812 992 1875 civitatum
1019 1831 1055 1870 ac
1069 1811 1248 1871 Provincia·

134 1918 207 1957 rum
227 1918 374 1957 annorum
390 1899 474 1958 initia
487 1897 589 1975 hausit
610 1900 742 1980 scriptor
756 1900 881 1981 hujusce
899 1897 1058 1973 Chronici‚
1080 1897 1250 1977 Aegyptio·

136 2005 224 2059 rum,
254 1984 506 2061 Seleucieusium,
538 1985 796 2063 Ascalonitorum,
832 1981 1154 2065 Philadelphiensium‚
1188 1984 1248 2040 Gass
1378 2048 1380 2053 ⁴

135 2069 287 2144 zeusium,
324 2070 595 2145 Antiochensium,
636 2071 912 2150 Syromaccdonum
947 2079 977 2130 et
1012 2067 1246 2147 Apamiensium,
1266 2077 1289 2131 P
1306 2079 1342 2133 30

137 2155 391 2232 comagenem,
427 2156 693 2233 samosatensium,
733 2158 929 2217 Petraeorum
963 2163 994 2214 et
1022 2156 1250 2229 bostrenorum,

137 2250 232 2317 atque
254 2241 327 2299 adeo
349 2262 496 2300 annorum
521 2241 713 2316 Diocletiani,
736 2262 826 2320 quam
845 2241 881 2298 ab
901 2239 1050 2320 ejusmodi
1064 2239 1251 2318 populorum

137 2333 170 2384 et
186 2324 341 2385 civitatum
357 2326 536 2402 Paschasius,
560 2326 641 2406 quod
662 2327 728 2405 ipse
749 2327 821 2384 satis
839 2332 982 2398 testatur,
1008 2321 1118 2399 ubido
1143 2324 1251 2381 iisdem

137 2410 225 2487 annis
240 2412 417 2472 Diocletiani
436 2412 589 2492 loquitur,
613 2413 682 2471 loco
705 2412 810 2491 paullo
829 2418 897 2469 ants
916 2409 1019 2469 allato.
1062 2407 1142 2464 Hinc
1162 2408 1252 2467 etiam

137 2496 287 2561 docemur
308 2517 362 2559 cur
384 2498 481 2559 notati
501 2497 654 2558 interdum
681 2498 820 2576 legantur
841 2514 958 2555 menses
980 2485 1208 2572 Aegyptiorum
1220 2491 1253 2551 in

136 2602 240 2642 rerum
260 2581 547 2662 Chronologicarum
567 2582 807 2660 narrationibus,
829 2580 901 2666 quia
923 2574 1047 2639 scilicet
1060 2599 1111 2637 eae
1125 2577 1254 2636 desum-

137 2677 209 2746 ptae
224 2678 294 2728 sunt
310 2690 348 2729 ex
362 2669 556 2729 Paschslibus
568 2668 857 2744 Alexandrinorum,
880 2666 964 2747 quod
980 2664 1070 2723 etiam
1091 2662 1253 2723 dicendum

138 2753 178 2813 de
192 2753 282 2814 rebus
295 2754 571 2831 antiochenorum,
594 2772 723 2834 quorum
736 2775 784 2815 res
799 2751 912 2814 stanni
928 2749 1118 2830 saepiuscule
1135 2748 1254 2808 descri-

138 2839 264 2903 buntur.
308 2842 385 2900 Eum
408 2850 508 2900 autem
529 2842 693 2901 involuisse
714 2840 746 2899 in
762 2838 955 2899 Graecanicis
972 2834 1114 2896 Ecclesiis
1136 2854 1252 2893 morem

137 2926 212 2984 satis
231 2925 296 3005 ipse
310 2926 411 2986 innuit
427 2926 567 2986 Chronici
595 2925 746 2986 Pascbalis
765 2927 896 3005 scriptor
912 2922 962 2999 ¹),
986 2922 1058 3004 dum
1080 2920 1123 2979 ait
1141 2919 1253 2999 cyclo-

135 3031 208 3071 rum
222 3002 409 3071 confectores
428 3034 462 3072 ac
476 3021 663 3091 repertores,
686 3032 747 3070 non
767 3012 836 3070 illos
854 3010 947 3068 modo
966 3008 999 3066 in
1021 3009 1251 3065 commentarios

138 3095 295 3175 retulisse,
317 3097 473 3158 sedetiam
489 3097 656 3177 descriptos
676 3097 709 3156 in
723 3096 834 3157 tabulis
857 3095 891 3153 in
904 3092 1047 3154 Ecclesiis
1063 3091 1252 3170 appendisse.

138 3182 233 3260 Apud
249 3183 368 3243 Latinos
385 3202 457 3243 vcro
475 3183 588 3264 puriter
609 3183 803 3255 observatum
825 3189 974 3243 testantur
996 3178 1029 3237 in
1049 3176 1153 3256 primis
1166 3176 1253 3234 Indi-

140 3267 203 3328 culi
218 3268 279 3346 illi,
301 3288 356 3329 seu
366 3266 530 3340 Breoicols',
548 3269 593 3327 uti
607 3277 757 3328 vocentur
772 3268 804 3327 in
821 3267 955 3326 Concilio
974 3261 1153 3323 Bracarensi
1166 3282 1211 3321 ru.
1221 3258 1252 3337 2)

140 3374 219 3432 quos
232 3354 326 3414 cereis
343 3354 405 3417 suis
427 3352 582 3415 aunuatim
601 3374 653 3413 eae
674 3354 845 3433 appendere
862 3352 977 3424 solent,
1002 3348 1039 3408 de
1055 3347 1165 3425 quibus
1179 3365 1253 3424 proc

140 3441 269 3499 caeteris
282 3440 383 3517 Reda,
406 3449 436 3501 et
451 3439 501 3498 alii
519 3459 595 3517 quos
614 3440 774 3505 laudamus
791 3439 823 3501 in
839 3436 992 3497 Glossario
1007 3433 1122 3492 mediae
1139 3429 1256 3489 Latini-

140 3529 213 3586 tatis
230 3524 283 3603 a),
305 3547 321 3584 a
340 3545 399 3605 quo
422 3525 543 3604 quidem
567 3525 629 3584 ritu
650 3547 666 3582 a
691 3525 815 3585 Graecis
833 3522 992 3583 observato
1015 3517 1164 3598 profluxit
1179 3517 1265 3593 alter·

140 3613 195 3690 qui
215 3632 296 3673 nuno
317 3621 448 3693 perstat,
469 3609 626 3670 Pascbalia
647 3631 701 3671 sua
722 3608 950 3684 concionandi,
972 3607 1004 3666 iu
1027 3603 1136 3683 quibus
1159 3621 1258 3661 anno·

140 3707 248 3757 tantur
269 3697 333 3759 dies
353 3700 512 3776 utriusque
534 3695 707 3771 Paschatis,
735 3696 895 3774 legaliset
926 3691 1040 3774 typici,
1071 3690 1257 3765 aliorumque

139 3783 302 3842 Fastorum
325 3782 500 3858 mobilium,
523 3802 601 3861 quae
619 3782 767 3842 sciliceta
783 3780 935 3843 Paschalis
953 3777 1033 3838 Festi
1050 3773 1258 3853 dispendeat,

141 3889 213 3927 cum
227 3866 348 3947 jejuniis
359 3888 414 3928 seu
430 3866 673 3945 Quadragesimis
698 3890 716 3929 a
732 3867 857 3929 Graecis
872 3867 963 3942 vulgo
982 3859 1137 3924 observari
1151 3854 1258 3917 solitis.

139 3953 301 4035 Ejusmodi
326 3963 371 4014 est
393 3952 553 4031 Poschale,
576 3952 660 4034 quod
681 3953 717 4015 ab
739 3974 817 4015 anno
832 3951 940 4014 mundi
954 3945 1068 4010 conditi
1088 3944 1174 4026 juxta
1189 3962 1273 4007 eos«

177 4210 211 4310 ζ)
229 4209 262 4261 ln
278 4209 393 4263 Praelat.

178 4280 210 4417 tl
227 4279 301 4403 litari.
313 4281 426 4401 9(latreus.
