2992 4894
530 252 838 323 susurnam.
1036 230 1039 237 ’
1204 264 1253 343 ts

138 433 254 503 Deinde
277 430 499 494 Alexandrinae
516 448 663 495 annorum
685 428 816 512 epochae
828 430 878 490 vel
890 449 993 507 aerae,
1016 450 1095 511 quas
1107 439 1139 493 et
1153 429 1254 513 Aegy·
1288 480 1293 487 .

139 522 239 603 ptiaca
255 519 331 594 fuit,
354 518 437 578 nulla
451 527 496 578 est
508 517 541 577 in
553 539 589 578 so
604 518 731 592 manao,
755 518 807 579 ssd
821 516 910 594 lunga
924 518 1025 597 potius
1039 516 1262 595 antiochenas

91 665 95 673 ,
139 609 185 667 uti
199 615 304 668 censet
321 604 469 665 Henricus
486 603 623 663 Valesius
636 603 687 679 ¹);
719 600 930 686 quodquidam
948 598 1133 681 Chremem,
1155 604 1255 684 inquit

140 694 207 769 ille,
234 692 335 755 nescio
355 705 407 751 car
420 686 559 750 Rodems
577 686 823 751 Abenses-team
834 688 1000 749 vocaverit:
1027 712 1082 769 ego
1096 705 1171 749 certe
1185 689 1256 750 An·

140 777 309 839 tioclsenvm
324 796 430 837 vocare
449 771 577 836 mallem.
619 772 735 834 Etenim
750 772 857 835 ductor
874 771 960 832 villins
979 768 1118 835 Cironiei
1130 772 1255 857 diligere

141 866 273 925 tissimus
295 876 337 923 est
352 862 384 923 in
401 859 488 921 rebus
505 859 752 920 Antiochensium
772 855 1038 919 commemorandis
1056 863 1198 934 eternis,
1228 874 1256 920 et
1272 868 1294 922 P
1311 873 1329 926 6

107 1002 111 1007 .
141 946 401 1017 mensibussorasm
413 959 551 1027 perpetuo
564 943 699 1023 tantast),
717 959 749 1004 ot
762 942 834 1006 olim
848 945 949 1004 notavi
961 945 992 1002 in
999 941 1135 1027 Epistola
1148 940 1190 1005 od
1201 943 1256 1003 Ju-

142 1033 249 1097 cobam
275 1031 433 1090 Ueneriam.
486 1031 525 1089 Et
546 1030 607 1090 alio
630 1031 697 1091 loco
714 1028 764 1110 ³):
803 1027 970 1093 Chronicon
995 1026 1254 1109 Alexandrinam,

141 1116 224 1201 quod
238 1113 357 1198 quidem
371 1113 509 1176 libentius
525 1113 745 1177 Antiochenam
761 1116 934 1176 oocoverim.
976 1114 1089 1175 Verum
1102 1113 1175 1175 licet
1190 1113 1255 1173 Au-

142 1214 210 1264 ctor
226 1201 370 1262 Chronici
391 1222 459 1263 aera
476 1200 662 1261 Antiochena
678 1222 768 1281 saepe
781 1210 901 1275 utatur,
924 1200 982 1258 alia
997 1209 1095 1261 tamen
1120 1201 1179 1259 fuit
1191 1198 1254 1260 An-

142 1288 352 1349 tiochenorum
367 1309 383 1345 a
400 1287 513 1347 mundo
526 1287 648 1347 condito
665 1309 758 1355 anuos
771 1286 900 1369 putandi
913 1287 1008 1371 ratio,
1031 1308 1068 1346 ac
1082 1286 1202 1350 diversa
1217 1285 1255 1346 ab

146 1396 180 1435 ea
196 1396 253 1455 qua
267 1375 294 1434 is
313 1374 419 1450 utitur,
440 1383 475 1434 ut
490 1374 523 1434 iu
535 1372 593 1433 hac
607 1370 829 1453 Praefatione4)
845 1373 1045 1433 observamus.

225 1546 304 1607 vin.
334 1545 438 1625 Neque
452 1547 542 1607 etiam
556 1547 671 1626 potiori
682 1548 751 1628 jure
765 1545 1000 1609 Alexandrinum
1016 1543 1188 1611 Chronicon
1204 1560 1357 1636 ³P·Ne‘qns
1379 1581 1406 1617 a.

142 1633 248 1713 pellani
272 1631 422 1710 debuerit,
445 1633 530 1711 quod
548 1634 585 1692 ab
601 1633 807 1694 Alexandrino
829 1635 962 1712 quodam
978 1633 1134 1711 scriptore
1147 1636 1317 1690 exara-lius
1334 1634 1407 1704 qnis-

143 1729 208 1777 tum
228 1716 299 1776 inde
320 1718 399 1777 forte
422 1719 585 1779 existimari
608 1719 732 1797 debeat,
754 1719 838 1798 quod
858 1739 926 1779 cum
951 1727 1047 1777 totum
1071 1725 1210 1777 versetur
1226 1705 1336 1783 inpiam
1353 1705 1424 1786 f⁰¹f⁰

143 1803 346 1884 disquirendis
366 1803 515 1865 Paschalis
535 1806 720 1866 Festivitatis
740 1814 770 1865 et
793 1803 996 1885 examinandis
1021 1773 1419 1876 difficultatibusfflssffidn'

144 1889 287 1970 Aegyptii
312 1888 439 1951 maxime
459 1888 579 1971 hujusce
592 1892 811 1972 supputationis
829 1888 1007 1972 peculiarem
1024 1886 1168 1949 lababse
1179 1860 1324 1945 noti-”⁰⁵⁹

144 1977 217 2034 tiam
232 1975 389 2051 dicantur,
411 1984 446 2034 ut
461 1975 597 2054 loquitur
614 1979 642 2038 S.
658 1978 718 2036 Leo
731 1978 829 2055 Papa,
851 1996 907 2037 seu
918 1985 954 2035 ut
971 1974 1124 2035 Protarius
1142 1972 1177 2030 in
1189 1970 1261 2051 Epi·
1378 2028 1384 2039 x

143 2062 220 2120 stola
237 2061 274 2120 ad
292 2061 418 2123 eundem
442 2061 640 2122 Pontificem⁶
654 2071 683 2138 ),
712 2062 796 2141 quod
810 2060 1024 2144 Aegyptiorum
1037 2056 1175 2121 Ecclesia
1190 2077 1261 2115 ma-

144 2160 187 2204 ter
201 2145 320 2226 bajosae
335 2144 449 2206 loboris
472 2146 614 2212 extiterit.
657 2148 751 2227 quue
767 2148 899 2209 velinde
914 2157 1015 2227 patet,
1038 2144 1121 2225 quod
1135 2144 1167 2202 in
1181 2142 1261 2200 Con-

145 2230 218 2291 cilio
231 2231 359 2291 Nicaeno
375 2251 443 2290 cum
460 2231 616 2292 decretum
629 2233 745 2308 fuisset,
769 2243 803 2292 ut
816 2233 921 2291 eodem
936 2253 1039 2293 omnes
1053 2240 1190 2309 tempore
1205 2229 1262 2288 Ec-

145 2317 257 2376 clesiae
276 2315 386 2383 Pascha
403 2316 608 2393 celebrarent,
631 2318 735 2377 datum
751 2317 784 2374 id
800 2316 1013 2377 Alexandrinis
1026 2316 1181 2392 negotium
1194 2311 1260 2373 iue-

142 2402 198 2478 rit,
211 2402 275 2481 ¹qui
296 2402 437 2480 syderum
459 2423 609 2482 peraeque
631 2414 661 2463 et
675 2400 912 2462 ordinandorum
933 2410 1104 2478 temporum
1119 2398 1263 2457 scientiae

143 2497 229 2548 erant
243 2486 367 2566 majoris
381 2509 470 2567 quam
484 2489 593 2549 caeteri
601 2533 610 2565 ,
634 2499 664 2548 et
679 2498 714 2551 ut
729 2487 851 2549 illorum
860 2485 1019 2547 Praesules
1033 2484 1201 2562 legitimum
1215 2501 1264 2541 ce-

142 2574 281 2635 lebrandi
297 2573 452 2634 Paschatis
474 2572 555 2639 diem
577 2575 736 2653 quotannis
760 2572 947 2647 invenirent,
968 2591 1005 2630 ac
1021 2568 1146 2628 caeteris
1161 2567 1265 2627 Eccle-
1288 2628 1294 2637 ,

143 2661 195 2721 siis
210 2660 393 2736 iudicarent,
416 2660 500 2737 quod
514 2661 601 2738 longe
617 2670 686 2752 apte
708 2659 818 2720 Christi
832 2658 1017 2718 nativitatem
1035 2655 1204 2714 factitatum
1219 2661 1265 2712 te-

143 2756 241 2807 statur
254 2746 382 2804 loannes
405 2745 596 2825 Philoponus
613 2745 658 2825 6).
706 2746 793 2805 Adde
808 2743 891 2823 quod
906 2742 1026 2802 Auctor
1038 2741 1117 2800 idem
1130 2737 1266 2798 Pascha-

143 2832 180 2891 lis
198 2831 339 2891 Chroniai
353 2832 469 2909 Regum
480 2833 638 2891 Persarum
657 2852 754 2911 usque
770 2829 809 2893 ad
826 2828 1032 2890 Alexandrum
1048 2827 1088 2886 M.
1105 2845 1140 2884 ac
1153 2823 1263 2885 deiude

141 2916 363 2998 Aegyptiorum
378 2917 493 2994 Regum
512 2938 550 2976 ex
570 2918 745 2978 Ptolemaeis
764 2936 859 2995 usque
883 2914 921 2974 ad
939 2915 1128 2993 Cleopatram
1145 2909 1265 2975 Catale-

105 3080 108 3085 .
144 3014 216 3081 gum
229 3002 386 3078 describit,
409 3014 437 3062 et
453 3024 548 3062 annos
562 3006 645 3081 regni
660 3003 813 3084 cujusque'
823 3010 962 3061 accusate
978 3007 1113 3060 recenset
1127 3016 1163 3055 ac
1175 3014 1266 3076 prae-

144 3088 223 3166 figit,
246 3089 298 3148 sed
323 3098 353 3148 et
373 3087 537 3166 singularia
557 3090 704 3168 quaedam
722 3091 759 3150 da
777 3087 957 3149 Alexandria
978 3085 1108 3147 subinde
1122 3079 1265 3142 intermi-

140 3184 227 3251 scet,
248 3195 278 3235 v.
295 3194 323 3252 g.
338 3173 391 3232 ubi
414 3174 452 3234 de
464 3173 561 3233 Pharo
583 3176 733 3254 loquitur,
755 3184 868 3234 etcum
889 3195 905 3231 a
926 3170 1116 3231 Diocletiano
1138 3165 1264 3246 praebi-

143 3270 209 3320 tum
230 3278 295 3341 esse
311 3261 422 3319 Panem
444 3269 624 3320 castrensem
638 3261 851 3321 Alexandrinis
875 3280 953 3318 anno
968 3255 1092 3336 Imperii
1102 3273 1190 3314 xvns.
1207 3252 1265 3310 ob-

146 3354 262 3418 servat3
285 3366 320 3404 ac
341 3344 492 3421 interdum
506 3366 623 3406 menses
648 3347 865 3426 Aegyptiorum
882 3344 1024 3404 admittit.
1067 3340 1180 3399 Verum
1196 3336 1265 3417 pari

145 3431 263 3491 ratione
284 3434 418 3491 Romano
440 3430 589 3510 cuipiam,
621 3433 674 3497 vel
696 3434 832 3506 Graeco,
863 3427 1026 3490 vel'etiam
1048 3422 1162 3485 Judaeo
1184 3421 1263 3482 idem

88 3572 92 3581 ,
142 3517 225 3577 alius
247 3517 326 3577 forte
349 3517 559 3596 adscripserit,
604 3519 686 3597 qued
712 3518 783 3578 anni
800 3536 855 3599 per
882 3516 968 3575 Coss.
991 3508 1265 3592 per01ympiadas

148 3602 359 3664 Alexandrinis
378 3603 563 3682 incognitas,
610 3602 699 3686 (licet
719 3625 789 3666 suas
812 3602 884 3663 alies
910 3596 1108 3679 Olympiadas
1125 3593 1266 3654 habuisse

201 3879 215 3947 )
233 3879 348 3933 In'Not.
365 3878 399 3932 ml
416 3879 488 3932 nise
504 3876 667 3935 Theodoreti
676 3916 684 3945 ,
697 3876 747 3930 lib.
760 3879 786 3933 2.
801 3895 824 3931 c.
840 3878 883 3932 10.
1080 3920 1084 3927 .
1162 3876 1164 3879 ’

205 3949 304 4018 )Pag.
326 3951 368 4003 16.
389 3949 447 4003 177.
468 3949 603 4005 187192.
624 3949 686 4001 208.
712 3949 773 4002 280.
790 3947 851 4002 282.
876 3945 937 4000 262.
961 3943 1024 3998 268.
1049 3940 1111 3994 270.
1129 3937 1191 3994 272.
1207 3935 1268 3990 279.

218 4018 278 4072 289.
297 4019 357 4073 290.
374 4019 435 4074 292.
453 4016 514 4073 294.
533 4018 593 4072 296.
611 4018 672 4072 816.
689 4017 750 4071 821.
768 4018 829 4073 828.
846 4017 908 4072 831.
926 4014 950 4068 b.
969 4010 1031 4069 884.
1050 4011 1074 4062 d.
1093 4006 1155 4064 877.
1171 4007 1233 4061 882.

234 4087 264 4205 lsn
282 4086 399 4211 Noq5ad
415 4086 515 4141 Euseb.
533 4104 560 4157 p.
577 4083 638 4142 434.
656 4088 684 4141 2.
701 4085 750 4151 οὐ.

260 4162 310 4208 eet.
362 4194 370 4209 .

184 3879 195 3912 1

184 3950 198 3980 2

186 4086 198 4118 b

186 4155 200 4188 4

188 4224 199 4255 b

187 4292 199 4324 0

202 4085 217 4154 )

207 4156 221 4220 )

204 4224 219 4290 )

206 4291 221 4358 )
