2944 4896
426 343 628 416 etsstottlcl
644 342 892 414 PASGHALIS.
1164 354 1215 424 77

105 540 182 594 tum
198 518 333 597 Basilii.
367 522 428 593 Ex
446 521 535 594 cod.
550 520 703 596 colbert.
725 525 812 598 240.
834 535 870 595 et
890 549 935 594 cx
951 523 1038 597 edit.
1050 522 1215 597 Amaldt

70 641 75 645 “
105 627 265 697 Pontaci
273 639 365 718 post
377 627 496 697 Notos
512 626 552 696 r‘n
565 625 720 698 Eusebia·
738 627 956 701 Chronicon.

203 726 294 797 XX.
320 725 532 798 Latercqus
555 726 876 822 alterConsqum,
903 746 984 827 post
1001 723 1212 802 Chronicon
1300 757 1302 759 ’

101 824 298 901 Senatoris.
351 834 411 902 Ex
425 834 552 903 eodem
571 834 657 905 cod.
676 833 830 904 colbert.

202 931 310 1004 XXI.
336 930 535 1005 Methodus
569 960 641 1032 qua
666 931 849 1006 invenitur
875 934 1051 1031 cujusque
1078 931 1210 1005 mensis

102 1059 358 1135 quaecumque
385 1033 481 1129 dies,
508 1036 608 1108 etin
636 1063 746 1135 quam
773 1034 990 1134 septimanae
1015 1034 1137 1108 feriam
1154 1035 1209 1108 in·

101 1136 230 1230 currit,
261 1157 298 1210 et
323 1138 361 1209 in
379 1165 488 1237 quem
514 1166 651 1239 annum·
665 1137 795 1237 incidit
808 1139 1001 1214 Bissextus.
1026 1146 1089 1216 Ex
1106 1143 1209 1213 Com·

101 1244 287 1314 montorio
312 1245 489 1314 Heraclii
510 1246 756 1339 Imperatoris
780 1247 821 1316 in
847 1244 1063 1342 προχείρους
1087 1244 1209 1316 Ptole·

101 1349 196 1417 πισοί
214 1349 405 1435 canones,
432 1373 477 1418 ex
491 1348 578 1417 edit.
595 1349 777 1422 Doduellr'
793 1352 840 1422 V.
858 1349 896 1420 C.
973 1398 977 1411 .

181 1447 326 1539 XXII.
352 1446 480 1524 Variae
501 1446 698 1521 Lectiones
724 1447 770 1521 ad
796 1448 898 1520 binas
923 1445 1098 1546 Epistolas
1119 1445 1209 1519 Dio·

101 1549 191 1649 nysii
222 1549 357 1653 Exigui
389 1549 435 1622 de
469 1550 608 1624 ratione
634 1550 802 1629 Paschae.
854 1557 915 1627 Ex
945 1554 1064 1624 coriis
1094 1555 1208 1626 codd.

101 1656 211 1728 MSS.
226 1658 370 1749 Regio,
402 1655 590 1728 Colberteo
605 1670 642 1727 ct
660 1660 871 1730 Petaoiano.

197 1757 342 1836 XXIII.
369 1757 427 1832 De
442 1757 615 1833 Paschate
641 1755 879 1833 Iudaeorum.
932 1762 992 1833 Ex
1015 1759 1103 1830 eod.
1125 1759 1208 1830 Col-

100 1856 229 1938 berteo.
366 1870 372 1877 ”

202 1962 345 2038 XXIV.
369 1960 597 2066 Argumenta
622 1962 907 2067 Aegyptiorum,
941 1987 1099 2061 qnorum
1131 1984 1208 2033 me·

99 2062 203 2137 minit
226 2065 428 2167 Dionysius
456 2066 617 2166 Exiguus
651 2067 687 2138 in
720 2064 875 2166 Epistola
907 2064 952 2139 ad
981 2061 1206 2156 Petronium,
1358 2097 1361 2103 >

102 2185 137 2237 et
162 2167 347 2244 Vrctorius
372 2168 411 2240 in
431 2167 578 2241 Canone
601 2167 776 2243 Paschali.
829 2176 891 2244 Ex
908 2174 999 2244 0001.
1016 2167 1205 2243 Colberteo

102 2275 185 2345 240.
204 2288 293 2368 post
314 2275 522 2371 Epistolam
541 2271 763 2346 paschasini
781 2275 963 2369 Episcopi
983 2277 1039 2347 ad
1055 2275 1208 2366 Papam

101 2375 275 2453 Leonem.

119 2494 126 2509 '
197 2479 321 2552 XXV.
353 2477 412 2550 De
445 2473 579 2575 triplici
606 2475 834 2549 Graecorum
865 2501 965 2567 aera,
1001 2493 1038 2548 et
1063 2499 1104 2546 ea
1133 2499 1206 2573 qua

102 2578 208 2654 utitur
234 2582 380 2657 Auctor
406 2580 586 2653 Paschalis
606 2578 795 2654 Chronici.
828 2584 891 2654 Ex
904 2582 1057 2655 Petavio
1078 2576 1139 2650 tib.
1153 2600 1204 2648 tx.

27 2701 41 2733 ⁹
103 2684 146 2754 de
158 2689 289 2761 Doctr.
310 2701 420 2781 temp.
446 2711 526 2782 cap.
544 2711 599 2757 ιιι.

196 2788 339 2869 XXVI.
363 2788 422 2861 De
449 2785 588 2861 duabus
614 2782 772 2885 Epochis
799 2781 946 2880 Christi,
973 2804 1040 2875 etc.
1067 2785 1128 2858 Ex
1143 2808 1204 2856 eo·

104 2890 180 2962 dem
190 2896 363 2982 Petacio,
388 2891 825 2987 lib.v111.Auctariicap.
845 2915 872 2963 1.
1181 2909 1187 2917 ’

195 2993 356 3070 XXVII.
382 2991 581 3067 Methodus
597 2993 831 3091 Epactarum‚
853 3012 889 3064 et
901 2988 1088 3065 Novilunii
1103 2985 1204 3060 inve·

103 3091 250 3196 stigandi
276 3095 386 3188 ratio,
413 3123 484 3194 qua
509 3096 628 3168 utitur
652 3098 792 3169 Auctor
815 3091 990 3167 Chronici
1011 3089 1202 3166 Paschalis.

103 3201 159 3270 Ex
172 3210 320 3294 eodem,
347 3201 408 3271 lib.
424 3227 469 3271 tx.
487 3204 533 3270 de
550 3206 679 3273 Doctr.
696 3215 805 3296 temp.
824 3226 906 3296 cap.
920 3223 952 3269 v.

199 3303 375 3380 XXVIII.
402 3299 601 3374 Methodus
631 3302 678 3374 ad
705 3301 891 3375 Paschales
923 3295 1095 3371 terminos
1128 3295 1201 3370 sive

105 3395 249 3481 Judaiea
270 3404 440 3480 Paschata
462 3406 734 3505 cognoscenda,
768 3432 839 3503 qua
858 3402 999 3475 Auctor
1025 3396 1202 3472 Chronici

103 3497 276 3583 Paschalis
292 3510 415 3583 utitur.
452 3514 514 3582 Ex
530 3515 671 3600 eodem,
690 3509 752 3580 lib.
768 3534 846 3581 vrrs.
859 3506 1035 3580 Auctoris?
1054 3529 1135 3599 cap.
1151 3529 1199 3575 nr.

198 3614 340 3687 XXIX.
366 3610 582 3687 Laterculus
602 3609 778 3683 mensium
794 3606 1129 3702 Macedonicorum.
