2992 4894
507 308 822 378 reuersum.
1015 266 1018 276 ⁸
1142 316 1193 391 57

86 483 329 631 tmthepitione
345 483 509 563 recensita,
530 505 567 546 ac
584 483 715 545 invicem
725 482 911 565 quantalibet
926 502 995 546 orem
1010 483 1069 548 lide
1083 487 1192 551 cossata

87 581 173 632 etex
195 592 204 628 s
225 572 284 632 itas

169 739 295 803 XLVII.
330 739 372 801 Ut
382 760 479 820 porro
495 749 666 820 temporum
680 743 823 802 certiores
837 748 935 802 essent
948 752 1047 819 notae,
1068 743 1194 807 incon·
1210 756 1233 809 P
1249 743 1284 811 lt

89 824 188 885 sulum
208 824 305 885 Fastis
326 844 420 885 anuos
440 826 476 886 ab
496 827 532 887 U.
555 828 591 887 G.
614 828 793 889 stalilihus
812 827 1006 889 Varronisnis
1028 830 1067 890 ad
1080 823 1352 891 (ihristillssmm

87 910 301 986 Nativitatem,
325 910 434 973 deinde
452 933 469 970 a
490 913 653 973 Nativitste
670 934 765 975 annos
788 912 986 992 Dionysianos
998 914 1125 994 singulis
1141 896 1359 995 ps-mF⁰d⁰⁰⁰¹¹‘

89 994 172 1054 ribus
188 996 370 1071 Consulum,
392 1016 484 1055 annos
504 997 593 1060 etiam
604 1000 715 1059 *mundi
727 999 816 1080 juxta
834 1000 982 1070 Graecos,
1005 1001 1039 1059 in
1054 963 1352 1088 margini-dff’ssbf·

88 1079 146 1139 bus
161 1079 290 1140 subinde
309 1082 537 1162 adscripsimus,
560 1095 651 1164 prout
666 1085 723 1145 hos
742 1104 798 1143 suo
811 1084 911 1143 codici
926 1085 1007 1145 edito
1023 1086 1293 1167 adscripse-chmfi
1300 1103 1358 1156 Ν..

89 1174 135 1225 rat
147 1165 299 1225 Antonine
318 1167 438 1226 Allenus
452 1169 500 1228 vir
513 1169 710 1231 doctissimus.
737 1171 773 1229 ln
784 1171 975 1230 recensendis
992 1191 1063 1230 vero
1079 1171 1240 1249 Regumtoli
1247 1171 1358 1257 01110ῃί-

89 1250 138 1309 rel
153 1251 373 1330 Imperatorum
397 1253 499 1332 anuis,
521 1275 589 1315 cum
606 1256 639 1314 in
656 1256 786 1319 editione
797 1253 961 1316 Raderiana
976 1256 1234 1319 ludiotionihns⁰⁰
1246 1241 1351 1297 ΜΝ·

90 1332 112 1393 ii
132 1335 365 1421 subjicerentur,
385 1338 417 1401 in
435 1340 633 1419 Scaligsriana
654 1362 747 1419 varo,
768 1342 886 1417 (nescio
910 1363 948 1402 an
967 1342 1053 1402 etiam
1078 1343 1109 1402 in
1132 1343 1194 1402 MS.

91 1419 209 1502 codice)
231 1434 506 1502 praeponerentur,
528 1427 562 1486 in
580 1425 639 1485 hoc
660 1437 696 1487 ut
718 1428 950 1487 commodiorem
967 1428 1197 1507 Scaligerianam

91 1524 189 1565 sumus
201 1509 312 1569 secuti.
357 1510 429 1568 Cum
451 1510 578 1592 deniqne
596 1512 738 1573 lectorem
761 1533 849 1573 nosse
873 1513 1007 1591 intersit,
1031 1534 1089 1593 qua
1114 1513 1196 1595 apud

92 1591 161 1649 artis
176 1591 265 1652 istius
287 1595 512 1673 computisticae
535 1597 698 1676 scriptores
719 1608 841 1678 recepta
863 1598 1004 1659 methodo
1025 1620 1060 1658 ac
1080 1599 1197 1660 ratione

91 1693 161 1734 usus
177 1677 216 1736 sit
234 1678 317 1738 idem
336 1691 442 1740 auctor
454 1682 621 1757 Paschalis,
644 1694 678 1743 ut
700 1704 776 1763 quae
792 1683 874 1763 apud
889 1684 959 1743 illos
974 1684 1055 1744 varia
1072 1685 1120 1760 sit,
1140 1704 1198 1744 nec

91 1761 215 1840 proinde
238 1765 344 1843 unica,
365 1775 429 1826 tum
447 1768 478 1827 in
496 1768 635 1849 putandis
649 1770 753 1830 Mundi
775 1764 902 1844 conditi,
925 1771 974 1828 vel
987 1767 1098 1829 Christi
1113 1771 1198 1828 annis

93 1865 127 1903 ec
140 1847 375 1927 indictionibus,
397 1850 445 1910 vel
459 1854 490 1911 in
503 1854 691 1914 inveniendis
706 1855 844 1935 Epactis,
864 1854 1049 1930 Noviluniis,
1071 1852 1198 1914 Pascha·

93 1929 170 1990 lihus
191 1933 319 2015 aliisque
337 1937 447 2015 Festis,
481 1940 601 2017 quaein
625 1940 658 1998 id
680 1950 887 2018 argumentum
909 1939 1065 1999 observata
1088 1948 1196 1999 sunta

92 2014 212 2077 Petavio
226 2023 411 2098 praesertim,
432 2024 485 2103 qui
498 2023 629 2105 ejusdem
646 2028 777 2086 auctoris
791 2023 934 2085 chronici
947 2024 1100 2085 Paschalis
1114 2045 1198 2083 com-

93 2112 181 2180 putos
203 2105 240 2164 ad
260 2127 416 2167 censuram
434 2119 464 2169 et
484 2131 607 2170 examen
619 2132 716 2190 saepe
736 2111 880 2186 adduxit,
901 2111 933 2171 in
951 2110 1074 2170 Selectis
1097 2110 1198 2189 subji-

94 2186 197 2246 cienda
220 2190 371 2255 duximus.
414 2195 518 2275 Neque
539 2194 615 2254 haec
637 2196 799 2270 duntaxat,
832 2195 885 2255 sed
905 2205 936 2256 et
955 2197 1014 2256 viri
1035 2193 1200 2256 doctissimi

91 2270 316 2337 'observationes
339 2279 482 2358 qirasdam
507 2279 740 2357 Chronologicas
764 2280 801 2339 ad
825 2280 905 2340 idem
930 2280 1099 2339 chronicon
1123 2299 1201 2359 quae

95 2357 186 2418 serius
204 2361 235 2419 in
256 2383 361 2423 manus
380 2374 501 2424 nostras
522 2374 739 2444 pervenerunt,
758 2363 832 2424 huic
852 2365 1031 2423 Praelationi
1055 2364 1199 2423 subdidi-

95 2460 165 2503 mus.
208 2446 253 2505 Ex
264 2448 390 2509 illorum
410 2450 531 2511 enimet
549 2450 676 2510 aliorum
695 2449 955 2528 Chronologorum
970 2450 1107 2530 scriptis,
1127 2448 1199 2507 rel-

95 2528 138 2585 nti
152 2528 299 2608 fontibus,
326 2535 457 2594 omnium
480 2536 533 2615 qui
552 2536 700 2615 'deinceps
721 2536 833 2595 inistis
856 2535 1069 2595 controversiis
1085 2532 1200 2595 versati

97 2623 161 2672 sunt
184 2615 401 2697 disputationes
418 2631 448 2681 et
469 2621 672 2681 commentarii
685 2621 914 2701 profluxerunt:
947 2641 1015 2681 cum
1038 2618 1114 2679 nihil
1137 2620 1200 2678 sere

96 2708 162 2776 post
176 2701 241 2761 illos
264 2703 308 2763 sit
331 2705 467 2782 allatum,
501 2705 584 2786 quod
601 2727 661 2766 non
685 2707 756 2766 inde
781 2715 955 2786 promptum
980 2725 1017 2765 ac
1033 2706 1199 2774 derivatum

98 2781 196 2860 fuerit,
216 2798 251 2848 ut
265 2789 319 2868 qui
335 2811 368 2849 ea
384 2806 460 2869 quae
483 2791 529 2851 illi
549 2794 710 2870 attigerunt
725 2792 848 2871 legerit,
872 2793 1000 2851 istorum
1016 2791 1149 2851 omnium
1165 2797 1200 2848 ut

99 2875 127 2924 et
140 2880 263 2933 nostram
277 2874 459 2936 industriam
471 2897 531 2936 non
541 2898 723 2957 magnopere
734 2877 892 2939 desideret.
909 2876 1008 2936 Sedet
1021 2875 1196 2935 addidimus

97 2950 204 3016 Seleota
212 2960 331 3038 aliquot
344 2981 420 3041 quae
434 2961 471 3022 ad
482 2962 623 3023 Chronici
638 2964 869 3023 illustrationem
887 2963 1074 3040 aliquatenus
1092 2979 1196 3020 neces-

99 3039 238 3102 sariarisa
249 3054 330 3121 sunt,
345 3048 455 3126 partim
465 3068 502 3107 ex
513 3048 599 3108 editis
609 3049 717 3127 partim
732 3069 769 3108 ex
777 3049 858 3108 MSS.
868 3046 1023 3107 codicibus
1037 3056 1132 3122 eruta,
1147 3044 1198 3103 vel

99 3139 163 3182 oum
174 3126 210 3185 iis
223 3132 345 3205 collate,
363 3131 399 3192 de
413 3128 523 3212 quibus
535 3136 596 3193 lere
605 3134 742 3192 omnihus
755 3144 856 3194 actum
872 3141 917 3192 est
927 3133 975 3192 vel
987 3133 1018 3191 in
1028 3131 1197 3190 harnestra

97 3203 294 3291 Praefatione,
322 3218 371 3276 vel
387 3218 419 3277 in
436 3219 523 3277 Notis
545 3218 583 3281 ad
605 3218 685 3278 idem
713 3217 884 3278 Chronicon
903 3216 1055 3280 Paschale.
1108 3215 1198 3274 Hisce

100 3288 218 3373 denique
231 3300 424 3362 Laterculum
444 3303 590 3362 Messium
612 3304 874 3363 Macedonicorum
890 3301 1100 3382 adjunximus,
1122 3299 1198 3378 qui-

27 3426 28 3429 =
99 3370 151 3435 ΒΜ
163 3388 309 3463 perpetud
319 3399 428 3448 auctor
441 3387 579 3448 Chronici
594 3389 706 3464 utitur,
730 3410 805 3466 quos
821 3390 882 3447 sere
900 3407 1017 3466 semper
1032 3405 1100 3444 cum
1116 3403 1198 3442 men·

100 3460 200 3523 sibusa
218 3470 332 3530 Latinis
351 3473 482 3554 receptis
500 3494 674 3554 comparare
697 3474 790 3550 solet,
811 3471 936 3552 adjectis
953 3471 1074 3545 Idibus,
1096 3468 1198 3544 Nonis,

100 3552 129 3603 et
140 3547 288 3615 Kalendis.
332 3558 431 3637 Atque
444 3557 501 3617 hos
522 3561 642 3638 quidem
659 3579 774 3618 menses
791 3557 998 3617 Macedonicos
1016 3554 1128 3614 mediae
1142 3572 1198 3612 ve·

100 3635 210 3695 testans
229 3642 406 3721 scriptores,
428 3646 606 3724 praesertim
627 3643 803 3719 Christiani,
826 3662 893 3702 curn
908 3638 1200 3723 Syromacedonicis,

101 3733 169 3791 quos
197 3734 227 3783 et
256 3728 432 3790 Asianorum
463 3751 577 3790 menses
608 3730 780 3810 appellant,
818 3738 853 3788 ut
881 3728 1045 3809 plurimum
1070 3724 1199 3785 conluu-

102 3796 227 3896 duntl),
249 3831 318 3872 com
331 3816 411 3894 apud
424 3816 543 3875 Priscus
558 3817 733 3897 scriptores,
756 3814 1041 3895 Syromacedonum,
1063 3830 1117 3871 seu
1133 3808 1199 3868 An-

100 3886 319 3973 unchenornm,
341 3920 395 3958 seu
411 3900 541 3981 danique
555 3894 787 3980 Συροελλήνων,
809 3918 886 3977 quos
904 3909 932 3959 et
952 3901 1092 3975 Ελληνᾱς
1106 3894 1199 3952 inler-
1230 3950 1231 3955 κ

101 3965 166 4033 (lum
181 3979 259 4038 nude
273 3994 399 4063 vocant,
421 3988 571 4049 mensium
588 3987 663 4045 alius
686 3988 717 4045 iu
734 4006 811 4045 anno
827 3985 903 4045 situs
919 4002 1009 4063 quam
1024 3977 1199 4040 Macedoni-r

102 4064 318 4148 commiserit,
339 4089 400 4130 non
423 4072 513 4132 modo
533 4081 687 4153 veterum,
713 4088 788 4153 quos
807 4070 927 4149 lunares
949 4064 1041 4128 fuisse
1058 4063 1202 4145 opinatur

103 4228 295 4258 N

132 4324 161 4395 1)
178 4330 274 4396 crurib
290 4338 392 4411 Soerst.
411 4340 510 4410 Eraga
527 4337 602 4393 Suid.
