2996 4898
247 303 324 380 466
524 306 538 361 -’
672 306 914 376 NOTAE

247 473 350 536 nitnm
365 466 462 534 matt·
481 466 522 534 al
544 460 950 548 servandanllinooinalia,
984 478 1029 533 nn
1048 470 1128 533 arois
1147 466 1283 554 apaoinn
1303 491 1355 534 re-

248 558 481 638 antennasque
502 556 545 617 ita
565 559 645 619 lorta
667 554 888 640 appellaverint
909 558 1247 639 Constantinopolitani.

337 647 408 722 Peg.
431 646 504 710 623.
525 647 556 709 6
597 641 873 728 Αονυροννρονίυν]
893 643 1153 727 Constantinopol.
1168 643 1284 709 Glniat.
1303 643 1357 707 lio.

249 750 285 792 n.
307 737 380 791 seat
401 746 448 788 m.
472 747 504 787 n.
524 746 579 790 vm
892 764 896 773 .

204 840 208 859 ν
336 814 409 875 ltin.
453 812 517 881 Kal
535 810 555 876 6
576 805 659 886 oinoo
678 805 846 893 Συμμοὶχου
870 804 933 875 sinai
953 806 1106 892 Ὥοοὶτον]
1135 812 1279 887 Quatuor
1297 811 1358 872 hoo

251 898 373 961 nomina
401 898 547 959 Consules
575 898 747 961 ordinarioa
775 898 807 957 in
834 896 959 959 Oriente
986 900 1162 977 praesertim
1188 907 1360 978 agnoscant

251 983 353 1061 Fasti,
380 1002 418 1045 ex
446 984 549 1044 eadem
578 993 666 1062 genta
695 1002 817 1057 omnes,
851 980 938 1062 cujus
967 992 1092 1043 stemma
1120 983 1280 1043 contexuit
1299 983 1360 1043 Sia.

253 1069 384 1131 mondus
405 1069 445 1129 in
473 1070 540 1129 Not
568 1069 608 1128 ad
635 1068 767 1128 Ennodii
795 1066 847 1128 lib.
871 1087 926 1133 vn.
947 1068 1041 1148 Epist.
1060 1086 1136 1130 xxv.
1179 1068 1241 1129 Sed
1263 1088 1303 1128 ex
1324 1068 1359 1130 iis

254 1154 322 1235 qnia
348 1153 402 1215 hic
428 1154 615 1232 intelligatur
641 1154 807 1229 incertum,
838 1154 897 1212 nisi
918 1173 981 1214 vox
1001 1154 1174 1227 Excmnnle,
1205 1163 1360 1235 postremo

253 1239 452 1322 Symmacho,
483 1239 538 1320 qui
567 1260 636 1300 oum
665 1240 771 1300 Bossia
799 1238 913 1299 Consul
940 1238 974 1298 in
994 1238 1118 1301 01ionta
1137 1239 1217 1318 fuit,
1247 1239 1280 1301 id
1304 1239 1362 1300 ad-

252 1325 446 1389 scribendum
466 1326 608 1386 videatur
626 1324 762 1388 suadere

320 1415 413 1488 wag.
435 1414 507 1477 626.
529 1417 559 1476 7.
602 1414 639 1472 H
662 1409 734 1492 cipio
749 1407 920 1489 antonno]
958 1407 1218 1490 constantinopol.
1251 1409 1362 1471 Christ

249 1495 308 1556 lib.
329 1514 372 1558 ιο.
395 1504 468 1555 sect.
490 1514 544 1557 vn.
566 1516 597 1556 n.
619 1512 674 1555 vn.
1090 1528 1094 1541 ·

343 1583 413 1658 Pag-
435 1583 507 1647 623.
528 1584 559 1645 8.
601 1582 744 1663 Εμβολος
763 1582 820 1643 τοῦ
837 1572 955 1660 φόρον]
985 1576 1063 1639 lbid.
1084 1577 1140 1638 lib.
1158 1599 1194 1640 11.
1217 1589 1291 1644 sect
1314 1600 1362 1642 111.

255 1685 287 1727 n.
307 1683 343 1726 11.
649 1676 653 1683 ’
1475 1708 1476 1711 ,

344 1753 415 1827 Pog.
437 1752 499 1814 628
533 1752 583 1814 10.
626 1747 692 1812 net
711 1744 769 1827 nois
793 1739 1008 1830 Mopvaaipnn]
1036 1749 1095 1810 Ubi
1117 1748 1223 1810 extitit
1249 1748 1364 1809 Consi-

212 1838 216 1843 “
256 1835 384 1896 utorium
404 1834 580 1909 iustiniani,
602 1835 647 1894 uti
670 1834 809 1915 pluribus
832 1834 1028 1913 probavimus
1049 1835 1083 1894 in
1102 1835 1365 1914 Constantinopoli
1476 1846 1477 1851 ’

256 1920 446 1995 Christiana,
464 1928 494 1978 et
509 1919 544 1978 in
565 1920 787 1999 Disceptationa
809 1919 847 1979 da
868 1918 1042 1981 Hebdomo:
1072 1940 1162 1999 qnam
1183 1920 1364 1981 sententiam

255 2018 391 2067 nostram
419 2005 528 2065 astruit
548 2005 723 2084 praesertim
746 2005 878 2085 Cyrillua
898 2004 1166 2085 scythopolitanus
1186 2006 1220 2065 in
1242 2005 1313 2066 Vita
1335 2008 1364 2071 S.

257 2091 352 2151 Sabae
380 2111 447 2170 cap.
468 2108 601 2150 nxxxua.
632 2110 692 2168 quo
713 2090 784 2149 loco
805 2088 847 2150 ait
866 2089 1065 2151 Justinianum
1087 2111 1156 2152 oum
1178 2091 1364 2153 Triboniano

259 2178 425 2251 Quaestore
453 2176 577 2235 consilia
606 2196 661 2236 ana
689 2175 723 2234 in
751 2176 914 2253 Magnaura
947 2174 1092 2254 exegisse:
1131 2181 1197 2239 Τοῦ
1224 2171 1365 2241 τοιούτου

150 2276 243 2335 1³596
261 2256 480 2340 Θεοφυλάντου
496 2259 587 2342 ἡμῶν
608 2259 759 2335 Βασιλέως
780 2259 815 2324 ἔν
836 2256 954 2335 ominoso
968 2254 1192 2344 ἀσχολουμένου
1205 2258 1282 2343 μετὰ
1298 2268 1366 2346 Tpa-

260 2349 429 2430 βουννυνοῦ
449 2351 504 2409 τοῦ
527 2345 705 2429 Κυέστοορος
726 2344 777 2409 ἐπὶ
797 2344 854 2425 τὴν
874 2344 1064 2426 καλουμένην
1087 2343 1293 2431 Μογνούρον.

259 2518 290 2579 ἃ·
346 2437 513 2511 Panna&
537 2438 586 2500 12.
629 2425 824 2512 Απονῦχιον]
846 2432 915 2512 Lag.
934 2426 1118 2515 οἲπονύχιος,
1138 2443 1230 2514 atqua
1244 2433 1289 2494 ita
1305 2431 1367 2494 atli-

282 2538 369 2578 lmus.
734 2570 738 2579 .
813 2540 816 2547 ’

337 2604 417 2680 Peg.
440 2604 514 2667 623.
539 2604 588 2667 13.
633 2606 683 2666 Εν
702 2605 746 2689 api
774 2601 842 2685 ἰδίῳ
863 2601 1048 2682 καθίομυοο]
1078 2602 1113 2663 ln
1144 2601 1291 2663 tribunali
1313 2622 1366 2663 aaa

261 2689 344 2748 Solio
368 2687 464 2763 Circi,
486 2688 569 2767 qnod
597 2688 661 2768 ipsa
683 2687 867 2747 Juatinianus
889 2707 969 2771 annp
988 2708 1011 2753 1·
1034 2687 1073 2749 ob
1092 2687 1270 2768 aspicienda
1294 2709 1366 2770 pro-

260 2773 419 2852 bandaque
447 2772 611 2833 certamina
644 2774 821 2834 eminentius
850 2773 1022 2851 clariusque
1049 2794 1141 2852 quam
1162 2774 1279 2848 fuerat,
1307 2794 1367 2835 una

261 2880 331 2919 oum
353 2869 482 2936 utraque
506 2860 682 2918 Senatorum
706 2879 742 2918 ex
764 2878 848 2916 more
869 2857 1071 2939 spectantium
1090 2858 1229 2939 portion,
1257 2860 1368 2921 tadin-

260 2951 452 3020 legaaverat,
483 2952 518 3000 ut
545 2953 600 3007 eat¹
617 2942 700 3023 ppud
728 2943 935 3003 Marcellinum
957 2944 1112 3005 Comitem.
1156 2945 1273 3005 Solium
1295 2965 1367 3005 vero

261 3027 344 3087 istud
382 3027 612 3106 imperatorium
640 3029 789 3106 inspicare
819 3038 863 3088 eat
889 3028 922 3088 in
953 3027 1109 3108 Diptychis
1140 3029 1369 3105 consularibus,

263 3111 301 3172 (le
323 3130 384 3191 quo
405 3120 525 3192 praeter
545 3113 741 3193 Bulingernm
767 3114 971 3175 consulendus
992 3114 1170 3176 Sirmondua
1192 3116 1229 3178 sal
1251 3115 1368 3177 Sidonii
1415 3182 1420 3191 ,

262 3216 383 3259 carmon
406 3216 498 3259 υκαι.

350 3283 422 3362 Peg.
445 3285 517 3349 623.
542 3280 592 3347 11.
633 3277 796 3359 Βαυτοὶξυν
814 3278 852 3347 ου’
873 3278 1078 3368 Εὖογγὲλιου]
1111 3285 1191 3349 vide
1213 3287 1368 3349 vineant

263 3377 398 3430 nostram
420 3369 458 3428 de
477 3369 653 3428 Numiamat.
673 3370 771 3450 Impp.
792 3370 1075 3451 Constantinopolin
1096 3392 1127 3432 n.
1147 3393 1225 3433 mut.
1305 3390 1328 3435 »⁵

350 3456 421 3533 Pog·
443 3458 515 3522 623.
539 3454 588 3520 15.
631 3449 788 3536 Εχώοθη]
811 3456 861 3515 Sio
874 3457 1086 3537 reposuimus,
1110 3458 1308 3519 cumeditnm
1321 3479 1369 3518 aa·

266 3548 312 3601 aot
326 3537 484 3621 ἐγνώσθηρ
508 3561 577 3600 cnm
591 3549 662 3600 nota
677 3540 787 3600 mendi.

239 3690 246 3705 ,
353 3625 424 3702 Ραξ.
447 3624 518 3690 624.
545 3630 579 3689 1:
616 3620 746 3708 Γᾶδυρε]
767 3622 1370 3711 ltaparitatemendavimua,prooyoai·
1482 3642 1483 3649 ’

266 3711 353 3784 δορυ,
380 3729 455 3787 quaa
477 3729 539 3770 vox
557 3714 663 3772 nomam
685 3720 772 3771 sonat
795 3712 878 3790 apud
899 3713 1030 3773 Graecos
1047 3714 1113 3774 aevi
1129 3715 1301 3791 inferioris,
1324 3713 1369 3774 uti

267 3793 409 3854 docemus
425 3795 457 3852 in
472 3795 568 3856 Gloaa.
586 3796 662 3855 med.
681 3795 810 3857 Graecit.
825 3795 858 3855 in
874 3798 1030 3877 Αεὶδορος.
1053 3860 1057 3869 ,
1074 3800 1186 3860 Scribit
1205 3800 1370 3862 Ordsricaa

209 3919 212 3923 ,
268 3878 375 3937 Vitalis
395 3879 528 3943 lib.v111.
550 3901 609 3960 pag
629 3885 702 3947 681.
720 3881 871 3961 quendam
887 3883 1011 3942 Militem
1025 3876 1267 3962 cognominatum
1280 3886 1371 3966 Capul

269 3967 358 4039 misai,
373 3985 423 4041 pro
446 3967 632 4042 magnitudine
651 3972 749 4046 capitis
767 3973 792 4027 et
813 3972 931 4045 congerie
951 3970 1119 4047 capillorum.
1162 3972 1254 4053 Apud
1268 3971 1369 4031 Thoo-

268 4047 398 4131 phanem
417 4069 465 4108 an.
478 4069 513 4113 11.
535 4051 642 4111 Leonis
662 4051 774 4126 isauri,
796 4054 899 4114 nascio
922 4056 1005 4133 quis,
1029 4065 1058 4133 ot
1078 4055 1155 4115 aliua
1173 4058 1255 4138 apud
1278 4057 1368 4117 Nica·

268 4133 400 4215 phorum
426 4135 681 4216 constantinopol.
705 4138 737 4196 in
757 4138 845 4199 Brev.
866 4158 935 4219 pag.
954 4143 1021 4206 168.
1036 4141 1143 4201 Ladit.
1161 4137 1371 4225 Ovopaiyoolm

270 4218 471 4297 cognominati
486 4222 634 4299 leguntur.
677 4223 730 4283 Est
750 4233 849 4285 autam
870 4219 1023 4307 μάγοολον
1045 4225 1169 4287 Graecia
1190 4228 1370 4289 tonantiori·

271 4304 333 4366 bus'
347 4308 477 4384 mostellot
496 4328 597 4393 gnane,
618 4308 667 4370 vel
686 4312 778 4371 lacon
821 4309 881 4371 Sed
900 4331 939 4372 an
954 4310 1104 4392 ejusmodi
1118 4312 1369 4375 iaaritlustinia·
