2944 4896
440 278 640 349 uflnomcl
664 278 892 350 PASGHALIS.
1143 281 1217 354 119

621 510 717 597 Ἧι

342 676 986 774 exanonrMQ

98 798 155 860 o'n
181 807 378 866 CHRISTI
399 810 702 901 ΝΑΤΙῩΙΤΔΤΙΒ
724 813 783 868 ΕΤ
804 811 1042 870 Pssswms
1068 812 1213 870 ANNI&

185 948 274 1009 Illud
297 952 386 1013 etism
407 951 642 1034 observandum,
674 952 841 1029 Christum,
872 975 941 1014 cum
965 973 1113 1015 annorum
1133 966 1213 1017 esset

96 1052 215 1092 xxmr.
239 1056 282 1094 ex
304 1036 419 1116 quoin
445 1047 526 1098 terra
548 1040 708 1120 apparuit,
738 1038 918 1100 crucifixum
940 1039 1089 1100 fuissent
1109 1039 1212 1100 homi-

98 1138 189 1176 nem:
211 1119 313 1217 idque
334 1122 535 1184 indubitatum
557 1125 637 1204 apud
660 1126 783 1204 quosvis
803 1134 912 1185 manet.
942 1125 1004 1200 Qui
1015 1125 1108 1203 igitur
1122 1124 1212 1186 ehu·-

99 1214 178 1264 stam
203 1217 316 1266 natum
338 1227 402 1289 esse
423 1208 589 1283 secundum
611 1230 731 1270 curnem
754 1230 831 1271 anno
853 1230 884 1274 v.
899 1229 954 1271 arn.
969 1228 1006 1270 sc
1021 1226 1213 1289 consequen-

100 1297 146 1347 ter
161 1349 162 1353 ,
175 1312 260 1351 enno
294 1313 325 1355 v.
353 1312 510 1355 uramur.
538 1296 632 1355 fuisse
663 1294 747 1355 cruci
778 1294 928 1371 affixum,
957 1295 1068 1356 falsum
1097 1296 1211 1374 dicunt,

101 1374 239 1456 aliosque
263 1378 390 1438 fallunt:
424 1399 483 1459 qua
503 1399 576 1441 vero
596 1379 730 1457 ratione,
759 1381 883 1442 evidens
912 1389 957 1440 est
986 1378 1212 1447 demonstratio.

26 1518 28 1526 ,
102 1458 296 1543 Computatis
311 1465 422 1546 quippe
434 1464 582 1527 universis
595 1466 633 1527 iis
645 1487 663 1525 e
677 1466 790 1527 mundo
806 1464 929 1526 condito
944 1486 992 1527 an.
1006 1487 1037 1531 v.
1048 1484 1210 1531 smum.

26 1546 27 1551 ’
101 1565 137 1603 ac
158 1546 190 1605 in
215 1549 506 1615 decemnovennales
527 1551 672 1631 periodos
693 1549 919 1635 partitis„(tot
940 1551 1018 1612 enim
1040 1563 1111 1613 sunt
1127 1552 1211 1633 cycli

26 1690 29 1719 ὃ
100 1629 205 1716 lunae)
230 1643 359 1713 quartus
380 1636 484 1716 cyclus
505 1636 596 1697 lunae
617 1637 729 1718 absque
751 1634 814 1698 ulla
836 1632 1210 1718 conuoversia'inusltilur

26 1774 28 1787 ,
102 1734 137 1774 eo
157 1738 260 1796 anno,
282 1735 338 1781 seu
359 1740 390 1782 v.
404 1741 562 1783 mnxxxrn.
604 1724 680 1782 Cum
703 1743 776 1783 vero
799 1731 927 1802 qaas-tua
948 1723 1070 1782 omniuo
1091 1721 1210 1784 sithoc

102 1800 169 1880 ipso
191 1825 274 1866 anno
296 1806 386 1867 lunse
407 1806 535 1886 cyclus,
571 1827 611 1868 ex
630 1809 794 1868 certissima
816 1805 952 1871 Paschali
972 1807 1130 1888 putatione
1153 1828 1209 1869 ss-

26 1888 28 1952 ζ
103 1886 208 1964 quitur
228 1891 301 1972 ipso
321 1911 394 1950 m
416 1892 517 1952 Martii
536 1895 645 1952 mensis
667 1894 716 1954 die
743 1893 837 1973 legale
860 1891 973 1951 Pascha
993 1891 1145 1973 repenti,
1174 1913 1208 1952 ac

102 1990 154 2037 xav-
174 1974 284 2054 lunae,
308 1976 423 2037 scilicet
446 1978 503 2040 die.
539 1978 670 2053 Quando
692 1988 792 2041 autem
813 1975 951 2037 Christus
972 1998 1029 2058 pro
1051 1975 1139 2037 nobis
1160 1997 1208 2038 ss·

26 2120 28 2149 s
103 2055 229 2120 luterem
257 2062 431 2144 passionem
446 2063 559 2139 obiit,
593 2085 682 2124 xxm.
709 2073 774 2125 erat
799 2062 902 2125 Martii
930 2065 1057 2140 mensis,
1089 2071 1122 2123 et
1141 2080 1207 2125 xrv.

100 2139 207 2221 lunas,
231 2162 364 2227 vespere
385 2149 503 2208 scilicet
523 2146 676 2208 Paschatis
696 2149 815 2228 legalis,
837 2148 920 2229 quod
942 2149 1064 2228 quidem
1081 2168 1144 2208 nno
1160 2148 1208 2209 die

100 2242 300 2309 praevertens
323 2232 462 2294 Christus
483 2253 553 2293 cum
580 2233 736 2314 discipulis
763 2234 826 2293 suis
848 2234 999 2310 comedit,
1033 2232 1104 2312 quia
1124 2254 1208 2294 mor·

26 2308 28 2347 3
100 2318 160 2372 tem
181 2328 244 2387 erat
273 2318 455 2394 subiturus,
483 2337 538 2378 seu
567 2339 672 2399 magna
689 2318 826 2398 ‚quinta,
863 2338 941 2378 1111.
963 2319 1074 2378 mensis
1094 2314 1233 2390 Martiis

101 2405 131 2456 et
149 2420 216 2465 xm.
236 2405 344 2502 lpnae.
398 2405 448 2463 Sic
468 2402 563 2482 igitur
584 2407 665 2464 circa
696 2403 809 2465 Christi
834 2402 1001 2481 secundum
1028 2401 1206 2462 humanita-
1240 2468 1245 2479 Α

99 2489 157 2542 tem
176 2489 349 2549 nativrtatis
370 2496 489 2570 tempus
511 2489 574 2549 falli
595 2490 803 2570 reperiuntur,
824 2489 880 2570 qui
900 2508 978 2549 anno
991 2507 1085 2550 uun.
1101 2496 1210 2547 ustum·

101 2565 223 2645 dicunt,
264 2592 332 2634 cnm
361 2583 463 2635 errent
490 2577 521 2634 in
549 2576 653 2655 legplis
673 2573 827 2635 Paschatis
848 2582 1018 2654 computo,
1052 2582 1084 2634 et
1110 2574 1205 2632 sacris

26 2734 27 2737 Ἴ
102 2654 269 2735 Scriptnris
293 2658 506 2736 adversentur,
525 2666 561 2720 sc
581 2662 716 2741 receptis
733 2660 766 2719 in
781 2660 945 2721 salvatoris
967 2657 1106 2738 passione
1128 2679 1204 2718 con-

26 2760 55 2827 s
103 2747 273 2819 sequentiis.
304 2744 366 2818 Qui
386 2764 480 2824 porro
502 2746 601 2825 aliqua
624 2766 694 2806 cum
715 2746 908 2806 accuratione
929 2752 1067 2823 tempora
1084 2743 1205 2802 deseri-

26 2904 27 2917 ,
104 2840 244 2966 pserunt,
273 2849 311 2889 sc
331 2832 452 2891 verituri
474 2831 601 2911 perinde
621 2824 821 2908 institerunt,
844 2830 903 2891 nei
923 2827 1018 2889 nostri
1039 2827 1134 2889 Verbi
1154 2829 1205 2887 in·

125 2916 345 2987 umenstionam
375 2917 484 2975 fartam
515 2915 600 2975 siunt
626 2935 706 2977 enno
735 2938 753 2975 s
773 2914 878 2976 mundi
907 2915 1037 2977 conditu
1059 2933 1090 2974 v.
1113 2933 1203 2975 smvr.
1292 2962 1296 2969 Χ

105 2994 261 3063 ulutarsm
290 2990 365 3063 vero
393 3003 476 3061 illius
499 3002 685 3085 tassionem,
714 2999 970 3085 (qnandoquidem
998 2997 1121 3077 triginta
1142 3007 1204 3059 tres

106 3096 195 3144 sonos
213 3086 374 3165 integros,
402 3088 449 3148 uti
470 3088 501 3145 in
524 3087 662 3147 confesso
683 3098 743 3160 est,
770 3087 803 3146 in
823 3097 904 3147 terro
927 3093 973 3146 ast
994 3083 1204 3166 conversatus)

107 3184 180 3226 anno
201 3191 231 3233 v.
250 3192 409 3235 mcxxxix.
454 3173 530 3231 Cum
552 3174 650 3231 sutem
674 3171 830 3232 invenitur
850 3170 983 3231 decimus
1003 3189 1204 3250 praecurrens

105 3247 190 3317 lunae
210 3259 332 3341 qeins,
354 3258 386 3317 in
408 3278 443 3317 eo
462 3267 493 3317 et
506 3266 716 3336 computatum
727 3255 857 3333 Pascha,
880 3276 964 3316 mv.
980 3253 1088 3313 mensis
1102 3253 1205 3312 Martii

106 3350 167 3395 esse
193 3343 358 3424 reperitur.
403 3344 479 3421 Tum
510 3342 589 3401 euim
619 3336 750 3402 occurrit
779 3342 851 3400 luna
872 3361 923 3401 xv.
945 3339 978 3398 in
1005 3337 1054 3398 die
1075 3332 1203 3417 sabbati,

105 3417 204 3501 deque
226 3428 385 3495 universes
407 3448 443 3493 so
467 3426 654 3499 omnimodas
676 3425 881 3487 consecutioni
902 3434 1023 3503 tempus
1045 3422 1204 3484 concinere

106 3521 235 3585 apparet.
279 3513 355 3581 Nam
377 3532 469 3574 mu.
490 3512 601 3574 mensis
623 3510 746 3586 Martii,
776 3529 842 3574 xro.
862 3510 967 3587 lonae,
994 3507 1070 3568 feria
1090 3527 1134 3568 vr.
1155 3527 1204 3567 sr-

105 3584 226 3656 lutsrem
247 3598 419 3661 Passionem
446 3619 551 3678 passus
579 3607 626 3659 est
653 3596 790 3658 Christus
818 3596 897 3655 Dens
924 3601 1048 3666 noster,
1075 3612 1202 3672 vespere

106 3675 216 3739 scilicet
232 3684 383 3744 Paschatis
403 3683 524 3762 legalis,
546 3705 582 3744 ac
598 3703 672 3742 xxv.
687 3681 819 3763 ejumem
839 3679 950 3740 mensis
971 3677 1070 3750 Martii
1091 3697 1201 3738 resur-

106 3762 196 3853 Γβῑίῖ,
226 3778 296 3846 post
315 3774 379 3829 tres
400 3790 506 3850 nempe
531 3790 570 3833 ex
591 3774 652 3849 quo
672 3778 809 3828 mortuus
837 3766 882 3825 e'st
903 3756 986 3842 dies,
1016 3765 1202 3824 concurren-

107 3842 184 3911 tlbus
203 3851 270 3913 aliis
288 3854 429 3916 omnibus
456 3854 599 3935 temporis
626 3852 713 3914 istius
735 3848 1010 3926 observationibus,
1036 3847 1125 3929 juxta
1148 3868 1201 3906 ae-

106 3940 237 4024 curatam
258 3938 343 4019 (lusti
365 3939 571 4023 chrysostomi
592 3940 841 4001 examinationem
863 3933 1066 4016 aequinoctii,
1086 3952 1123 3993 ae
1137 3932 1201 4013 pls·

106 4014 227 4097 nilunii,
251 4035 285 4086 'et
305 4027 406 4106 lapsus
427 4027 516 4107 Primi
540 4048 556 4086 s
580 4026 642 4088 Deo
664 4026 779 4115 conniti
801 4021 931 4085 hominis
952 4027 1199 4097 caeterorumque
