2992 4894
276 359 327 434 52
676 346 988 414 suasurum.

279 523 409 588 tilicibua
430 521 571 583 Romanis
591 519 767 582 aliucherio
791 519 879 597 editi,
899 521 1065 580 laterculus
1078 519 1382 600 deniqueFastorum
1475 542 1476 595 j

279 610 488 672 Consularium
507 609 544 668 ab
569 607 693 666 Ausonii
715 617 745 666 et
767 606 885 687 Olybrii
901 607 1066 665 Consulatu
1083 606 1121 666 ad
1137 626 1215 665 xvn.
1235 604 1381 664 Consnb-
1475 658 1476 683 ,

279 707 344 758 tum
362 694 460 754 basilii
484 713 524 754 ax
545 692 618 752 Cod.
639 693 719 753 Petri
736 690 854 752 Pithoei
877 693 929 771 qui
956 702 1128 753 asservatur
1148 692 1181 750 in
1195 689 1381 750 Bibliotheca
1475 750 1476 775 ,

278 781 433 842 Colbertea
454 779 523 838 cod.
542 798 732 838 ucccxcvur.
755 777 834 837 idem
852 780 902 856 qui
924 776 1022 837 editus
1036 778 1072 836 ab
1087 777 1219 836 Arnaldo
1234 776 1378 849 Pontaco,
1475 806 1476 817 .

277 877 309 928 et
323 866 373 925 alii
387 865 513 925 forsitan
527 864 684 923 Fastorum
699 862 843 923 duntaxat
857 873 972 942 partem
986 861 1148 925 tradidere.
1194 860 1379 935 Consularis,
1419 924 1424 929 ,
1475 864 1476 867 ’

279 950 388 1032 quibus
401 952 530 1011 insertae
552 948 678 1008 subinde
699 969 748 1007 res
761 947 937 1024 historicae,
957 948 1118 1007 laudantur
1132 946 1306 1026 aGregorio
1320 946 1381 1004 'l'u-
1475 964 1476 979 ¹

277 1036 401 1096 nonensi
419 1036 569 1118 Episcopo
586 1031 636 1115 ¹)=
668 1028 822 1117 Tbardpsu
842 1033 874 1095 in
896 1032 1044 1094 Chronico
1063 1033 1202 1094 Pascbali
1226 1052 1305 1092 anno
1324 1051 1379 1091 van

278 1123 387 1183 socae

124 1324 165 1379 D,
182 1323 270 1378 M,
363 1290 456 1353 xtlt.
497 1290 604 1352 Festos
621 1290 752 1351 Graecos
765 1290 801 1350 ab
824 1310 903 1350 anno
915 1288 1027 1352 Christi
1041 1289 1161 1370 vulgari
1174 1308 1325 1350 umam.
1341 1285 1380 1346 ad

119 1392 387 1449 oodwetlflmnuum
411 1396 562 1437 cccuxxrr.
585 1398 621 1436 ac
639 1398 758 1436 rursum
787 1376 861 1437 alios
882 1377 918 1435 ab
948 1398 1025 1436 anno
1047 1397 1180 1437 ccxxxrr.
1204 1375 1242 1435 ad
1271 1393 1382 1433 anuum

125 1463 389 1522 uastabis-nuans.
408 1472 552 1540 utrosque
580 1483 647 1521 cum
675 1463 758 1521 annis
780 1461 959 1538 Alexandri,
987 1462 1114 1540 Augusti
1142 1471 1172 1520 et
1193 1459 1380 1531 Diocletiani,

187 1551 260 1606 1³³7
278 1558 309 1608 et
323 1548 569 1629 τετραπηρίδων,
593 1568 631 1606 ex
647 1548 727 1606 MSS.
745 1547 905 1606 Codicibus
919 1548 999 1607 eruit
1019 1557 1048 1607 et
1062 1547 1158 1606 edidit
1172 1566 1262 1626 supra
1280 1544 1381 1604 nomi-

279 1642 366 1692 natus
386 1632 423 1691 Η.
443 1631 625 1694 Dodwellus.
669 1633 787 1692 Priores
811 1626 990 1692 Savilliauoa
1010 1633 1210 1712 appellamus,
1239 1629 1324 1710 quod
1343 1649 1381 1687 ex

278 1718 394 1778 Savillii
409 1716 519 1778 Codice
539 1719 616 1777 eruti
635 1716 711 1795 sint,
734 1714 940 1798 quiquidem,
962 1728 998 1777 ut
1021 1717 1167 1793 diximus,
1188 1717 1309 1775 initium
1324 1713 1381 1773 du-

276 1813 350 1863 cunt
369 1825 386 1861 a
405 1823 430 1864 1.
453 1801 597 1862 Antonini
617 1803 663 1861 Pii
685 1824 781 1880 antro,
810 1812 840 1863 et
859 1823 898 1864 ex
916 1803 1019 1882 paullo
1039 1802 1258 1863 recentioribus
1275 1802 1380 1860 Festos

277 1888 410 1967 integros
430 1886 538 1947 deinde
561 1889 698 1948 exaravit
715 1890 865 1948 Marianus
884 1889 1022 1949 Scottus:
1044 1887 1082 1947 ab
1101 1887 1236 1966 Augusto
1250 1907 1322 1947 vero
1342 1883 1382 1943 ad

277 1972 474 2032 lastinianum
495 1973 664 2032 Florentius
684 1973 906 2052 wigorniensis.
952 1973 1056 2033 Festos
1081 1984 1180 2033 autem
1202 1972 1381 2033 Consulares

275 2056 338 2138 jam
353 2065 415 2116 tum
427 2056 563 2116 florentis
585 2058 779 2137 Reipublicae
801 2058 989 2138 temporibus
1006 2058 1249 2118 mendosissimoa
1272 2078 1307 2116 sc
1329 2077 1381 2137 ps·

277 2162 347 2203 rum
361 2142 439 2201 iuter
460 2162 492 2201 ss
511 2152 725 2203 consentaneos
750 2145 841 2203 fuisse
856 2146 1059 2203 Romanorum
1072 2143 1294 2203 Historicorum
1314 2161 1382 2200 mo·

277 2235 417 2286 numento
435 2225 611 2286 confirmant
621 2225 667 2304 ²).
711 2229 835 2309 Saepius
847 2230 924 2288 euim
937 2249 974 2288 ex
988 2229 1117 2289 diversis
1134 2229 1291 2288 Annalium
1307 2225 1383 2287 scri·

167 2370 171 2377 ,
276 2312 419 2394 ptoribus
440 2311 560 2372 diversa
582 2312 745 2374 Consulum
776 2314 860 2395 paria
884 2313 1003 2375 eosdem
1023 2315 1054 2373 in
1077 2335 1171 2374 asinos
1193 2313 1381 2392 injiciuntur,

276 2407 342 2458 tum
362 2398 499 2457 nonnulli
522 2397 701 2458 omittuntur
727 2421 803 2479 quos
823 2399 982 2480 Dionysius
1009 2401 1119 2479 aliique
1139 2406 1382 2473 commemorant,

277 2493 308 2543 et
323 2483 444 2542 omuino
461 2483 548 2541 multi
559 2482 618 2541 bac
629 2484 661 2542 in
675 2495 760 2564 parte
774 2485 797 2542 F
798 2486 853 2543 asti
867 2483 1054 2565 discrepant,
1082 2484 1165 2563 quod
1174 2504 1218 2544 ‘ex
1233 2484 1382 2565 Capitoli·

276 2567 340 2642 nis,
363 2566 580 2642 Cassiodoreia,
608 2588 642 2626 ac
659 2568 811 2629 Paschalis
824 2571 937 2646 nostri,
959 2579 988 2628 et
1007 2571 1033 2629 si
1052 2572 1106 2650 qui
1128 2571 1189 2629 sint
1202 2571 1319 2651 antiqui
1334 2568 1383 2628 val

267 2650 458 2725 recentiores
482 2651 641 2712 Consulum
659 2653 812 2728 laterculi,
842 2656 1035 2734 perspicuum
1056 2666 1110 2716 est.
1164 2655 1258 2716 Tanti
1277 2656 1383 2738 quippe

278 2758 388 2797 mom
406 2732 563 2816 implicant
583 2751 742 2819 torporem
753 2784 762 2815 ,
789 2739 887 2818 inquit
907 2737 1073 2824 Livius⁸),
1099 2737 1186 2800 aliter
1205 2738 1288 2822 apud
1306 2738 1383 2800 alios

279 2817 427 2880 ordinatis
441 2821 684 2900 Magistrntibus,
707 2838 739 2883 ut
761 2847 813 2885 nec
829 2827 881 2907 qui
900 2823 1039 2885 Gonmlss
1053 2823 1210 2886 secundum
1225 2822 1381 2908 quosdam,

279 2925 332 2964 nec
343 2900 418 2985 quid
440 2926 555 2987 quoque
575 2926 654 2965 anno
675 2923 774 2968 actum
800 2911 855 2986 sit,
877 2913 908 2968 in
930 2919 1016 2972 tanta
1032 2924 1189 2987 onustute,
1212 2933 1271 2969 non
1288 2930 1382 2969 reram

277 2985 384 3056 modo.
409 2987 461 3048 secl
479 2989 568 3048 etium
591 3005 744 3051 rumorum
768 2990 895 3076 digerere
915 2998 1031 3076 possiet
1058 3015 1148 3074 quam
1169 2995 1292 3074 quidem
1311 2994 1382 3074 opi·

277 3072 402 3133 uionum
429 3072 604 3134 varietatem
625 3075 805 3156 Mariisnus,
837 3080 1052 3160 cuspinianus,
1083 3080 1239 3158 Sigonius,
1268 3079 1383 3140 Pauci-

277 3157 362 3233 nius,
391 3157 577 3234 Glareanus,
607 3160 749 3237 Contius,
775 3165 942 3241 Keplsrus,
965 3164 1118 3241 Petavius,
1140 3165 1297 3241 Norisius,
1320 3165 1382 3224 Pa-

277 3242 359 3320 gius,
380 3243 488 3319 etalii,
510 3245 559 3304 vel
571 3264 608 3304 es
622 3248 773 3326 professo,
796 3249 846 3316 vel
865 3260 958 3330 prout
974 3270 1006 3310 se
1022 3270 1054 3308 se
1071 3270 1120 3309 ras
1133 3250 1261 3327 obtulit,
1285 3250 1382 3309 acca-'-
1471 3294 1472 3309 .

276 3327 425 3388 ratissimo
440 3331 656 3390 examinarunt.
698 3333 761 3394 Nos
780 3353 853 3395 vero
871 3335 986 3395 omissis
1007 3334 1178 3394 istiusmodi
1192 3336 1381 3416 disquisitio·

277 3412 385 3488 uibus,
423 3413 533 3491 quibus
566 3416 759 3478 enucleandis
783 3420 881 3480 inanis
910 3441 946 3480 ac
972 3438 1193 3498 supervacanea
1218 3431 1383 3501 poneretur

278 3517 388 3576 opera,
420 3519 453 3558 re
476 3500 537 3578 jam
561 3512 699 3580 peracta,
728 3505 831 3565 Fastos
852 3507 883 3564 in
908 3505 968 3565 hoc
984 3504 1133 3565 Chronico
1158 3516 1297 3566 exaratos
1313 3525 1382 3564 cum

276 3580 421 3642 ldatianis
441 3587 617 3662 praesertim
637 3598 708 3648 ante
729 3590 866 3650 Caesares
884 3590 1084 3670 contulimus,
1113 3590 1195 3670 quod
1216 3590 1307 3651 hosce
1330 3599 1382 3650 aut

278 3665 405 3740 similes,
428 3677 462 3725 ut
479 3670 647 3748 attigimus,
672 3672 781 3735 vidisse
800 3676 881 3736 illius
899 3686 1071 3751 auctorem,
1095 3685 1185 3756 atqua
1203 3675 1278 3736 adeo
1291 3696 1381 3736 secu·

277 3759 343 3809 tum
365 3770 428 3810 esse
447 3751 521 3812 mibi
539 3775 611 3815 vero
632 3758 816 3821 simillimum
839 3762 937 3822 visum
955 3762 1011 3822 sita
1033 3762 1075 3822 ita
1093 3771 1194 3821 tamen
1217 3771 1251 3821 ut
1272 3780 1382 3840 quaes

277 3834 445 3897 mutatione
463 3838 672 3921 Reipublicae,
694 3844 731 3903 ab
749 3844 805 3915 iis,
835 3867 966 3926 quorum
987 3847 1190 3922 meminimus,
1220 3846 1251 3906 in
1273 3847 1382 3906 Fasto-
1469 3894 1470 3899 .

277 3939 345 3980 rum
368 3921 579 3984 Consularium
596 3930 823 4009 comparatione
843 3933 1015 3994 enodantur
1031 3932 1225 3992 difficultates
1244 3941 1276 3993 et
1296 3932 1382 3995 asle-

277 4090 486 4111 “““““““““““
1227 4094 1243 4127 ὗ

310 4221 343 4290 ¹)
360 4222 419 4277 bib.
436 4225 461 4278 2.
478 4224 547 4284 nist.
563 4245 586 4282 c.
603 4231 629 4283 9.

311 4292 345 4426 :3
360 4292 454 4417 prtpp
471 4294 489 4347 l.
507 4298 534 4351 9.
550 4314 573 4349 c.
591 4295 633 4352 49.
652 4303 680 4352 et
696 4298 723 4354 iu
737 4301 802 4358 Not.
819 4302 854 4356 ad
872 4303 967 4374 upipa.
983 4322 1011 4376 p.
1029 4304 1090 4357 267.
