2944 4896
262 259 314 330 70
624 241 812 313 umuzu
837 241 1049 309 EPISTOLA

264 444 332 485 rum
344 421 455 484 firmae.
497 421 575 483 Nam
589 438 660 480 mox
671 417 794 493 bellum,
813 425 845 476 et
858 415 936 479 illud
951 414 1073 497 quidem
1086 434 1207 479 saevum
1221 423 1253 474 et
1269 423 1373 489 atrox,

225 515 231 531 ¹
264 530 331 573 xvr.
355 508 421 567 Kal.
446 505 612 586 septembr.
654 503 808 567 intellexit
830 503 879 563 vir
897 500 1032 582 prodam
1053 500 1374 563 imminereaibifata-

266 597 329 657 lem
343 613 380 652 ac
399 612 572 672 supremum
593 590 680 652 diem.
720 589 825 666 Itaque
844 587 1002 659 causantis
1020 587 1101 647 inter
1114 605 1222 647 manus
1234 586 1375 651 medico-

268 700 338 742 rum
353 678 468 757 aliquot
488 677 597 737 diebus
617 695 687 735 cum
705 673 827 733 summis
847 672 1020 748 doloribus,
1042 692 1223 752 quamquem
1238 671 1375 735 nondum

269 767 460 845 desperatus,
484 762 624 823 accersiri
636 760 823 823 sacerdotem
841 758 947 839 jussit,
970 757 1057 836 eique
1076 779 1131 821 sua
1145 765 1271 838 peccata
1290 777 1376 817 erro·

267 871 377 930 aesque
393 869 465 909 auos
485 848 604 928 placide
625 846 783 924 sedatoque
799 844 974 919 ,consenum
996 863 1081 905 sacra
1103 864 1136 909 aa
1153 843 1297 922 Corporis
1314 843 1377 900 Do-

267 936 342 997 mini
365 933 460 995 nostri
480 931 549 995 Jeaa
570 929 680 993 Christi
699 930 908 995 communione
928 929 1039 991 muniri
1059 928 1234 1010 postulavit.
1282 925 1376 1000 Quod

269 1025 297 1083 ai
320 1021 422 1081 datam
445 1036 492 1079 ur.
513 1017 581 1077 Kal.
602 1017 752 1079 Octobris.
797 1014 1125 1083 Gravescereiutarim
1136 1012 1278 1079 valetudo
1294 1008 1376 1096 ajus3

268 1117 301 1169 et
313 1105 478 1166 inordinati
501 1103 621 1183 quidam
640 1102 817 1180 horridique
836 1100 950 1178 rigores
964 1099 1077 1191 iudicio
1099 1101 1184 1167 sucre
1200 1098 1376 1159 abscessum

272 1191 500 1263 alieubilatere‚
523 1188 576 1268 qui
595 1206 669 1249 mox
690 1187 896 1269 deprehensus
914 1195 959 1245 est
973 1185 1004 1245 in
1021 1185 1144 1263 regione
1160 1201 1279 1245 rasum.
1320 1182 1377 1243 His

272 1276 398 1338 accessit
421 1274 514 1335 labris
535 1274 678 1337 contiuua
699 1273 817 1352 duplici
842 1271 985 1337 tertianae
1004 1270 1286 1339 vehementissimae
1301 1288 1377 1327 con-

271 1363 392 1445 juncta,
421 1369 452 1421 et
478 1360 541 1418 sitis
561 1358 679 1423 arduas.
728 1359 813 1420 inter
840 1356 917 1419 haec
943 1365 1041 1423 umen
1061 1357 1194 1423 tormina
1211 1376 1250 1419 ac
1272 1363 1377 1414 noema

269 1452 423 1509 insomnes
447 1465 612 1524 gravesque
632 1453 662 1507 et
692 1444 752 1503 alvi
775 1443 959 1524 profluvium
980 1443 1181 1516 dirissimum,
1209 1462 1279 1503 uam
1299 1439 1377 1499 hacc

274 1551 397 1612 quoque
419 1531 497 1590 mala
518 1531 582 1591 aliis
601 1546 768 1604 accensere,
795 1529 1137 1595 retinuitconstaatiam
1166 1528 1287 1605 dignam
1310 1526 1378 1585 viro

217 1648 220 1654 ·
272 1617 358 1679 sorti.
401 1615 528 1677 Miratus
551 1636 646 1692 esses,
669 1615 695 1675 si
717 1615 918 1689 interfuisses,
940 1633 999 1692 qua
1017 1614 1163 1695 patienia
1183 1612 1263 1675 hanc
1284 1612 1379 1690 ipsam

273 1701 477 1764 valetudinem
499 1702 658 1778 toleravit,
685 1709 721 1759 ut
740 1700 839 1760 dolori
862 1699 1021 1772 restiterit,
1051 1709 1087 1763 ut
1106 1699 1316 1763 incredibilem
1337 1697 1379 1755 ia-

273 1789 375 1849 brium
387 1788 527 1849 ardorem
538 1787 681 1849 immotus
704 1795 888 1866 opertusque
907 1781 1122 1858 transmiserit,
1143 1795 1318 1857 clusorem
1341 1781 1380 1841 li·

273 1874 424 1952 berosque
442 1873 573 1935 afflictos
595 1872 766 1933 consolatus
785 1872 839 1945 sit,
861 1870 1052 1935 moriendum
1077 1890 1139 1937 ease
1161 1866 1379 1939 eunctisdicti-

276 1968 359 2033 tans,
382 1967 413 2017 et
432 1958 487 2018 sibi
509 1968 605 2018 actam
629 1960 748 2034 longam
768 1965 910 2029 aetatem,
932 1955 970 2019 ad
993 1977 1083 2035 quam
1105 1953 1380 2034 peuciadmoduut

273 2043 477 2124 pervarirant.
520 2043 640 2103 Amicos
653 2042 752 2118 adanu
773 2060 842 2103 cem
857 2041 978 2101 dolores
989 2041 1189 2117 remittebant,
1213 2040 1380 2113 admittens,

277 2131 412 2189 suaviter
433 2137 464 2189 et
485 2127 610 2188 comiter
633 2136 669 2187 ut
691 2138 778 2187 antee
798 2127 985 2206 excipiebat,
1016 2127 1099 2191 natta
1117 2128 1212 2193 torae
1232 2124 1382 2189 mentiost

277 2213 426 2275 malorum
449 2232 588 2290 suorum,
610 2222 763 2294 tamquam
782 2218 936 2274 vereretur
955 2213 1004 2275 vir
1027 2213 1158 2297 optimus
1185 2232 1225 2277 ue
1242 2212 1304 2273 illis
1320 2228 1382 2269 mo·

277 2299 393 2361 lentiam
416 2299 572 2360 exhiberet
593 2320 649 2378 per
669 2299 980 2361 commemorationem
1001 2318 1113 2366 eorum.
1162 2296 1202 2359 Iu
1220 2298 1276 2363 illa
1295 2293 1383 2359 enimi

278 2385 495 2465 tranquillitate
514 2406 551 2443 ac
570 2385 745 2459 securitate,
767 2407 838 2444 sana
860 2405 978 2462 semper
991 2394 1113 2462 mente„
1127 2384 1216 2449 etiam
1234 2379 1383 2462 usquead

279 2483 444 2532 extremum
465 2470 647 2547 anhelitum,
670 2490 737 2529 cum
757 2470 875 2530 videret
895 2469 1000 2531 adesse
1021 2470 1080 2531 sibi
1099 2490 1275 2550 supremum
1296 2467 1383 2541 diem,

278 2556 391 2616 viatico
411 2576 444 2620 ae
463 2556 610 2615 instruxit
634 2565 666 2614 et
684 2564 818 2615 extrema
841 2555 984 2617 unctione
1012 2575 1080 2617 xvc
1104 2558 1172 2617 Kal.
1194 2553 1383 2615 Novembris.

277 2641 352 2700 Post
367 2660 444 2718 quae
461 2638 551 2700 uxori
574 2659 611 2699 ac
634 2639 738 2699 liberis
757 2640 945 2718 valedicens,
965 2651 1121 2720 tamquam
1140 2641 1323 2714 moriturus,
1344 2638 1385 2696 eis

280 2725 521 2786 benedictionem
542 2745 624 2783 suam
648 2737 838 2805 peramanter
853 2727 1023 2805 impertiit,
1047 2746 1162 2806 eosque
1182 2727 1386 2806 amplexatus,
1411 2782 1414 2786 ,

281 2811 323 2871 ad
338 2821 503 2871 extremum
519 2809 656 2871 hortatus
675 2820 721 2872 est
740 2812 786 2871 uti
806 2820 1017 2891 postmortem
1032 2832 1119 2877 seam
1135 2810 1386 2875 coneordiainter

281 2897 365 2976 ipsos
386 2906 463 2955 esset
485 2904 631 2975 perpetua
653 2898 907 2975 quemadmodum
925 2918 956 2957 se
978 2898 1050 2959 vivo
1072 2900 1182 2961 ffierat.
1231 2898 1315 2959 lotor
1332 2893 1387 2955 het

283 2980 480 3057 cogitationes
499 2990 529 3040 at
553 3001 602 3040 aas
622 3000 700 3060 ¹qnae
712 2982 881 3043 Christiano
894 2981 1010 3042 homini
1026 2983 1058 3042 in
1078 2993 1206 3045 mentam
1221 2982 1327 3048 venire
1336 3001 1387 3039 so-

281 3066 348 3125 lent
371 3082 438 3127 oum
457 3065 610 3144 proficisci
632 3077 719 3145 parat
738 3069 776 3128 ad
800 3069 909 3145 Deum,
933 3089 1001 3128 oum
1025 3070 1148 3131 dolores
1165 3088 1285 3147 semper
1305 3085 1387 3127 screa

283 3159 382 3213 essent
408 3160 438 3211 et
455 3149 664 3227 vehementes,
691 3153 912 3234 defluebantque
935 3154 1032 3230 vires,
1066 3155 1187 3234 placida
1216 3161 1388 3232 compostus

282 3255 357 3316 pace
371 3237 488 3315 quievit
506 3258 540 3298 x.
554 3237 622 3296 Kal.
636 3238 797 3302 Novembr.
815 3241 896 3300 circa
911 3239 1016 3300 boram
1037 3250 1154 3303 sextam
1173 3239 1388 3319 vespertinam

284 3331 314 3380 et
330 3341 397 3383 vrrs.
409 3324 477 3385 Kal.
490 3324 626 3403 sepultus
646 3326 737 3383 estin
753 3325 890 3385 Ecclesia
910 3325 1007 3385 sancti
1022 3326 1176 3402 (ianuarii,
1197 3344 1306 3403 magua
1317 3343 1388 3385 oon-

282 3425 375 3466 cursu
389 3426 493 3479 eorum
509 3408 562 3487 qui
576 3408 669 3469 dediti
685 3421 755 3471 sunt
777 3411 884 3473 studiis
904 3412 1071 3473 literarum.
1114 3414 1390 3473 Annumootavum

283 3496 316 3550 et
326 3494 576 3573 septuagesimum
588 3495 681 3555 ferme
694 3497 837 3574 explevit.
849 3497 879 3557 in
904 3497 1046 3559 altissima
1065 3497 1304 3576 tranquillitate,
1324 3491 1391 3574 piri

286 3580 485 3642 veneratione,
536 3580 635 3640 Firma
659 3590 689 3641 et
711 3582 888 3661 incorrupta
908 3582 1080 3645 valetudine
1098 3604 1154 3664 par
1174 3581 1391 3662 quinquaginta

288 3670 318 3720 et
332 3664 465 3742 quinqua
478 3674 644 3743 postremos
667 3688 761 3727 annos
774 3667 855 3727 vitae
875 3679 948 3728 suae
970 3686 1043 3733 usus
1058 3679 1104 3735 eet
1120 3668 1216 3735 donec
1232 3669 1258 3727 is
1270 3666 1390 3729 morbus

250 3770 254 3781 ⁴
288 3765 356 3807 eum
379 3748 540 3828 corripuit.
589 3751 713 3812 Liberos
736 3773 777 3813 ex
804 3772 899 3812 uxore
917 3752 1024 3815 habuit
1049 3753 1310 3828 omninodecem,
1339 3769 1392 3811 sex

287 3835 437 3895 masculos
443 3879 452 3910 ,
474 3835 598 3898 feminas
613 3847 752 3914 quatuor.
797 3839 841 3898 Ex
858 3837 906 3898 bis
919 3837 1011 3901 bodie
1027 3848 1189 3920 supersunt
1203 3859 1303 3901 mares
1317 3837 1390 3908 duo,

191 3921 266 3980 1³52
286 3916 413 3981 feminae
433 3919 568 3983 totidem.
618 3921 776 4001 Philippus
799 3936 874 3983 natu
892 3925 989 4005 major
1012 3935 1056 3986 est
1075 3924 1222 3989 transies
1243 3925 1393 3997 Quaestor

288 4004 370 4082 apud
389 4005 539 4066 Pictavos.
582 4007 681 4082 Alter,
707 4009 756 4066 cui
774 4008 936 4069 Francisco
957 4032 1067 4070 nomen
1093 4020 1154 4085 est,
1177 4010 1312 4068 nondum
1336 4007 1392 4066 ele-

289 4091 332 4167 git
350 4091 431 4151 vitae
452 4100 575 4152 statum.
619 4091 779 4152 Catharina
799 4104 829 4154 et
847 4096 959 4155 loanna
981 4097 1067 4176 juxta
1090 4105 1216 4155 matrem
1237 4105 1268 4155 et
1286 4096 1392 4154 fratrea

238 4183 240 4191 ’
288 4183 370 4238 sunt.
414 4175 505 4248 Quod
521 4178 546 4235 si
559 4174 695 4236 habitum
711 4200 830 4257 quoque
851 4179 914 4262 ejus
928 4181 1043 4262 posteri
1058 4202 1183 4242 noscare
1198 4180 1310 4256 velint,
1333 4188 1393 4239 sta-

193 4266 273 4327 V46
290 4269 358 4319 tura
380 4260 437 4319 fait
458 4262 550 4340 paulo
576 4262 653 4322 inira
676 4265 871 4343 mediocrem,
901 4267 999 4350 capite
1019 4276 1108 4348 apto,
1139 4265 1235 4328 oculis
1260 4263 1393 4329 venustis
