3028 4898
471 333 672 402 OERONICI
695 332 921 400 resolutis,
1168 332 1243 404 217

143 502 213 565 Hoc
226 510 325 562 autem
341 501 431 563 modo
454 500 608 561 invenitur
625 499 715 580 hujua
737 500 807 560 ieati
827 499 891 560 dies
909 499 1071 561 secundnm
1094 500 1244 567 calculum

144 588 401 651 Ecclesiasticum
451 588 601 660 Quaerere
631 596 751 667 oportet
777 586 923 666 imprimis
952 586 1079 666 Epactaa
1106 587 1184 646 Solia
1212 597 1243 647 et

144 676 260 734 Lunae.
304 673 355 733 Sic
382 682 482 733 autem
509 673 700 733 invenientur
727 674 858 751 Epectae
879 670 967 734 Solis.
1010 674 1055 732 Ab
1081 672 1246 737 indictione

145 760 246 841 prima
268 779 368 838 nuper
388 758 563 840 praeterita,
592 760 681 819 tertio
702 758 842 818 nimirum
866 779 943 817 anno
965 758 1062 817 noatri
1084 759 1145 819 Deo
1160 758 1245 837 ‘graii

145 843 292 924 imperii,
314 866 407 905 annoa
429 865 530 905 omnen
552 853 671 924 oportet
692 844 724 903 in
746 864 837 907 unam
857 863 1001 903 summam
1023 843 1164 907 collectos
1185 863 1245 902 nu-

146 950 272 991 merare.
315 929 360 990 Ita
382 950 478 1009 neque
500 930 538 989 ad
559 930 779 1009 indictionem,
807 949 883 1011 quae
902 928 962 1010 jem
984 928 1093 1006 adeat,
1115 927 1244 989 undeci-

146 1037 243 1092 mam,
266 1015 450 1095 colliguntur
471 1016 540 1075 anni
560 1037 604 1079 xi.
645 1015 762 1079 Horum
784 1025 920 1096 quartam
936 1024 1072 1094 partem,
1092 1011 1244 1074 binarium

147 1101 281 1175 scilicet,
310 1103 456 1182 accipiar,
483 1102 637 1182 addeeque
666 1102 883 1184 superioribus.
924 1100 976 1160 Bia
1005 1100 1083 1161 enim
1116 1108 1245 1179 quatuor

145 1206 217 1248 van.
246 1197 324 1249 aunt.
372 1188 491 1267 Reliqui
520 1197 591 1247 aunt
618 1197 680 1248 tren
710 1205 840 1267 quorum
870 1195 1005 1266 quartam
1034 1194 1151 1267 partem
1183 1204 1244 1244 uon

147 1269 287 1352 accipiea.
327 1271 466 1335 Indicant
487 1275 566 1334 enim
586 1283 649 1333 tree
670 1273 714 1333 illi
735 1273 845 1353 reliqui
868 1282 931 1333 trea
953 1291 1046 1331 annos
1064 1292 1080 1330 a
1095 1270 1244 1333 Bieeexto.

146 1359 264 1432 Quarta
286 1359 367 1418 enim
385 1370 471 1439 parte
492 1359 643 1434 detracta,
673 1379 750 1438 quae
771 1367 969 1438 supererunt,
1000 1378 1054 1418 aen
1075 1376 1169 1431 unus,
1191 1375 1246 1416 eeu

146 1444 228 1520 duo,
250 1463 304 1503 eeu
325 1455 404 1517 trea,
432 1466 526 1506 annon
546 1444 698 1521 indicant,
728 1455 763 1504 ut
784 1445 898 1505 dictum
921 1452 980 1520 eet,
1008 1445 1060 1522 qui
1082 1444 1118 1502 ab
1138 1441 1245 1502 ultimo

145 1530 285 1589 Biaaexto
306 1530 486 1594 transierint.
530 1531 630 1605 Quare
650 1530 759 1591 horum
780 1552 851 1611 para
874 1540 980 1609 quarte
995 1528 1169 1608 accipienda
1183 1547 1243 1587 non

145 1624 201 1677 eat.
220 1614 306 1691 ,Ergo
329 1635 476 1676 annorum
497 1638 514 1677 a
537 1617 633 1697 prima
646 1617 814 1676 indictione
828 1617 1022 1679 collectorum
1043 1635 1112 1695 para
1127 1621 1245 1694 quarta,

144 1702 192 1759 uti
214 1699 364 1777 diximua,
399 1702 558 1762 indictioni
581 1722 700 1782 iamper
719 1701 855 1762 addenda
877 1701 950 1777 erit,
985 1699 1072 1760 utin
1101 1699 1159 1758 hac
1179 1700 1244 1778 ipea

144 1784 333 1862 indictione,
356 1806 432 1866 quae
451 1789 511 1867 jam
533 1788 632 1866 adeat,
656 1808 700 1848 xr.
712 1808 790 1868 para
805 1788 870 1868 ejue
884 1795 1008 1867 quarta,
1029 1804 1136 1864 nempe
1153 1784 1242 1849 bina-⁴

144 1872 229 1948 riua3
261 1871 400 1951 factaque
421 1874 591 1950 additione,
620 1884 751 1953 quartae.
764 1876 853 1933 uniua
873 1873 974 1932 unitae
995 1890 1102 1930 rureue
1124 1888 1243 1950 temper

145 1956 326 2038 eximendep
357 1966 421 2019 tum
442 1960 560 2038 reliqua
579 1979 634 2039 per
655 1978 708 2024 vn.
730 1959 878 2039 pertine,
905 1970 936 2019 et
956 1976 1034 2037 quae
1057 1952 1166 2015 deinde
1188 1974 1243 2013 au·

144 2051 309 2124 peremunt,
343 2063 377 2102 ea
398 2046 476 2105 Solia
497 2046 627 2125 Epectae
649 2046 824 2125 appellabia.
874 2042 1013 2123 Exempli
1036 2044 1148 2120 gratia,
1183 2039 1245 2119 jam

144 2149 188 2189 xn
213 2137 258 2187 est
286 2150 302 2187 a
329 2130 425 2206 prima
456 2131 623 2191 indictione
650 2151 773 2196 annua,
798 2131 915 2191 Horum
946 2137 1053 2210 quarta
1086 2147 1156 2206 para
1184 2125 1246 2184 duo

145 2213 258 2293 quibua
279 2212 389 2275 additis
409 2215 484 2275 liunt
504 2237 574 2278 xm.
604 2218 720 2276 Ruraua
741 2216 873 2291 unitate,
893 2236 949 2295 per
966 2223 1141 2294 perpetuam
1155 2230 1248 2288 regu-

144 2299 225 2374 iam,
245 2297 379 2376 sublata,
402 2311 516 2362 restant
536 2323 593 2365 m.
613 2299 667 2360 Hie
690 2322 745 2381 per
766 2321 819 2364 vir.
835 2300 940 2360 diriaia
956 2305 1135 2380 aupererunt
1152 2296 1250 2376 quin-

145 2404 207 2463 que
228 2405 285 2465 pro
306 2406 353 2448 xi.
373 2387 556 2464 Indictione,
579 2386 656 2446 Solia
678 2387 818 2468 Epactae.
861 2386 911 2446 Sic
933 2395 1032 2446 autem
1054 2383 1249 2462 reperiuntur

145 2471 279 2549 Epactae
296 2471 407 2534 Lunae.
437 2470 731 2535 interturbatae
746 2473 906 2533 memoriae
921 2469 1069 2550 Principia
1083 2466 1249 2528 indictione

146 2575 260 2635 aepoue
275 2577 368 2617 annos
383 2579 477 2638 uaque
493 2560 531 2619 ad
546 2581 591 2622 xr.
609 2542 808 2620 indictionem
820 2577 931 2619 xxarv.
977 2556 1133 2633 Quotquot
1149 2561 1249 2612 autem

145 2640 262 2719 reperti
277 2643 389 2705 fuerint
401 2665 467 2705 xix.
485 2664 632 2706 annorum
644 2645 729 2725 Cyeli
746 2646 791 2705 ilii
805 2665 843 2704 ex
856 2662 1000 2703 annornm
1015 2640 1170 2721 praedicta
1184 2637 1250 2696 col-

144 2726 278 2787 lectione
298 2728 489 2808 detrahendi,
507 2732 559 2811 qui
576 2741 675 2791 autem
692 2741 874 2812 supererunt
892 2748 949 2808 per
960 2748 1003 2792 xr.
1016 2722 1250 2807 multiplicandi,

143 2812 219 2872 iude
243 2833 359 2874 menaea
379 2836 454 2876 xxx.
476 2819 593 2877 dierum
616 2838 719 2878 omnen
747 2814 948 2888 detrahendi,
977 2832 1104 2873 numero
1131 2810 1249 2888 reliquo

144 2897 281 2977 Epactaa
303 2901 404 2960 Lunae
426 2904 625 2982 reperientur.
669 2904 719 2963 Sic
741 2904 923 2977 abentem,
946 2900 990 2960 uti
1008 2899 1138 2972 dictum,
1160 2894 1249 2954 indi-

146 2984 251 3043 ctione
274 2984 312 3043 ad
337 2986 436 3063 illam,
459 2988 613 3069 quaejam
632 2989 740 3065 instat,
762 2988 951 3053 undecimam
970 2981 1248 3062 annoaaocipimue

144 3089 255 3128 xxxiv.
283 3070 338 3129 Hie
350 3091 412 3130 uno
429 3073 522 3152 Cyclo
537 3073 791 3133 novendecennali
805 3075 977 3146 aubducto,
1000 3069 1164 3129 manebunt
1178 3066 1249 3126 anni

80 3152 82 3157 ’
146 3172 202 3214 xv.
224 3153 296 3214 llioa
311 3156 338 3214 ai
353 3177 409 3236 per
422 3179 464 3218 xi.
478 3159 676 3238 multiplices,
697 3159 771 3227 dant
784 3180 879 3219 ennoe
896 3177 984 3218 cnxv.
1011 3156 1092 3216 Hinc
1104 3150 1249 3213 aubduci-

147 3258 219 3299 mue
234 3261 350 3300 menses
366 3264 437 3302 xxx.
454 3243 589 3319 dierum,
611 3242 644 3302 id
661 3253 707 3304 eat
726 3246 883 3325 quinquies
898 3244 1039 3321 triginta,
1061 3244 1143 3318 (eeu,
1167 3237 1249 3319 quod

148 3323 255 3385 eodem
271 3323 363 3406 redit)
389 3328 453 3388 dice
469 3350 514 3389 cr..
527 3327 569 3389 ita
592 3330 755 3390 manebunt
770 3333 833 3391 diea
849 3351 903 3391 xv.
924 3350 982 3410 pro
996 3327 1118 3408 iipactie
1139 3327 1249 3387 Lunae.

143 3411 247 3475 Porro
269 3413 391 3492 Epactia
414 3416 515 3474 Lunae
539 3415 602 3476 diea
626 3434 694 3475 vni.
714 3437 832 3496 aemper
852 3415 1007 3475 addendae
1025 3422 1106 3472 aunt.
1150 3411 1251 3482 Quare

149 3516 222 3554 cum
238 3496 269 3555 in
286 3519 319 3557 ea
336 3501 485 3580 quaejam
498 3500 583 3561 adeat
598 3521 641 3563 xr.
654 3501 820 3561 Indictione
835 3502 961 3580 Epactaa
974 3501 1074 3557 lunae
1087 3495 1251 3556 habeamur

148 3602 204 3640 xv.
218 3591 286 3641 octo
301 3596 455 3664 praeterea
472 3585 536 3646 dies
550 3582 850 3666 addimua‚1‘ientque
865 3606 991 3646 numero
1007 3605 1097 3643 xxm.
1118 3582 1178 3641 Pro
1192 3579 1252 3639 hoc

148 3676 251 3727 autem
265 3689 388 3729 numero
399 3671 486 3730 iilum
499 3692 617 3752 temper
631 3673 767 3752 accipere
784 3681 904 3751 oportet
917 3692 978 3751 quo
992 3669 1094 3730 deficit
1105 3686 1253 3728 enumero

150 3751 269 3811 dierum
284 3775 367 3815 xnrv.
383 3777 490 3837 nempe
506 3778 665 3818 numerum
683 3778 749 3822 xxi,
767 3758 941 3836 indicatque
961 3757 1060 3816 Martii
1073 3777 1140 3818 xxi.
1160 3752 1253 3831 hujus

86 3860 87 3867 ¹
148 3835 332 3899 indictionis
348 3860 391 3901 xi.
407 3843 519 3904 Lunam
534 3843 600 3903 iore
613 3863 679 3903 xrv.
700 3845 740 3904 Et
758 3843 880 3924 quidem
892 3846 991 3903 Lunae
1005 3862 1070 3904 xiv.
1085 3842 1127 3902 ita
1145 3839 1254 3899 obaer-

150 3923 253 3982 vanda
275 3935 329 3984 eet.
373 3929 433 3986 Seu
457 3929 536 3988 enirn
560 3928 746 3989 octonarium
760 3940 897 4009 superat,
924 3949 1065 3988 numerus
1077 3926 1104 3987 ei
1119 3925 1255 4006 geminua

151 4027 217 4086 quo
237 4008 370 4071 deficite
386 4033 470 4076 xmv.
487 4035 543 4093 pro
561 4015 610 4073 die
626 4015 725 4074 Martii
750 4016 943 4095 accipiendus
964 4026 1025 4089 eat;
1047 4034 1100 4072 eeu
1113 4014 1151 4072 ab
1168 4019 1255 4079 octo·

150 4093 240 4151 nario
257 4094 377 4155 ‹leticiat
386 4142 395 4172 ,
418 4099 620 4176 colligendum
636 4094 706 4159 inde
720 4102 750 4159 in
767 4102 901 4181 Aprilem
914 4100 1048 4159 incidere
1059 4101 1175 4158 Lunam
1189 4113 1257 4154 xw.

149 4177 194 4237 Et
213 4178 333 4256 quidem
352 4182 378 4240 ai
389 4183 429 4241 ait
440 4184 556 4263 Aprilia
569 4207 637 4246 rur.
652 4187 768 4264 minor,
791 4207 808 4246 e
827 4186 947 4266 reliquo
963 4204 1087 4245 numero
1103 4203 1164 4262 quo
1179 4177 1255 4237 defi-

151 4261 197 4321 cit
214 4262 251 4322 ad
265 4284 350 4328 xnrv.
370 4288 490 4350 aemper
510 4271 610 4330 unitae
634 4270 897 4348 detrahendam,
916 4272 1051 4350 reliquus
1072 4269 1128 4329 erit
1143 4260 1255 4344 Aprilis
