2992 4894
228 266 281 351 -14
301 376 303 389 A
640 258 946 336 PRAEFATIO.

229 443 399 526 Aegyptios*
414 449 546 521 'testatur
562 440 711 521 Georgius
732 432 893 524 ‘syncellus
907 440 960 520 ι))
982 460 1018 503 so
1038 460 1094 525 per
1109 443 1291 505 indictiones
1311 444 1347 506 in

226 550 266 593 eo
282 528 390 609 digesti
404 530 554 611 leganturt
575 526 691 589 menaea
703 530 756 590 vel
770 529 970 589 Macedonum
982 546 1075 608 moro,
1089 531 1141 591 vel
1156 531 1346 611 Latinorum,

228 638 285 698 per
298 616 465 691 Kalendas,
488 610 560 673 Idus
576 622 606 673 et
620 615 720 675 Nouae
737 614 914 688 offerentum
948 632 1094 676 annornm
1110 616 1229 676 initium
1242 618 1346 676 alla-

227 702 327 763 lendis
338 701 485 777 tannarii,
510 698 559 761 v'al
577 700 762 783 Septembris
779 701 925 777 ducatur,
945 710 1051 763 contra
1070 720 1161 782 qaam
1172 702 1256 781 apud
1270 703 1346 763 Ale-

225 787 409 863 xandrinos,
434 786 516 867 apud
532 804 606 864 quoa
628 786 697 846 anni
709 787 826 847 initium
852 787 980 848 sumitur
993 809 1009 847 a
1023 806 1124 848 mense
1135 787 1231 864 Thot,
1254 788 1346 868 cnjus

187 881 193 887 '
228 875 344 957 primus
358 873 422 932 dies
441 872 710 953 responderxnx‘.
728 874 787 933 diei
806 871 916 932 mensis
930 871 1067 953 Augusti.
1110 873 1230 949 Quibus
1247 872 1346 935 addu-

225 960 270 1020 ‘cti
283 958 449 1019 rationibus
463 980 523 1018 non
536 958 661 1018 deluere
676 960 729 1037 qui
739 959 833 1019 hosce
845 957 974 1019 Annales
988 952 1251 1041 Constantinopoli
1266 960 1344 1020 fuis-

227 1064 260 1106 se
282 1045 470 1124 conscriptos
496 1044 716 1122 existimarent,
750 1047 802 1106 ubi
822 1044 978 1126 praedicta
1002 1048 1100 1105 omnia
1123 1055 1209 1106 erant
1227 1045 1259 1104 in
1280 1064 1345 1105 nsu

148 1141 173 1193 V
191 1143 209 1197 6
225 1130 357 1210 vulgari,
381 1138 485 1207 magna
501 1140 587 1209 parte
611 1148 648 1190 ex
662 1132 757 1209 veteri
772 1130 865 1191 Roma
879 1131 1019 1191 traducta
1033 1133 1124 1191 simul
1140 1150 1208 1190 cum
1221 1131 1346 1210 Imperii

197 1236 202 1241 ’
224 1200 314 1293 satie,
336 1236 399 1291 non
415 1216 488 1275 item
501 1210 533 1274 in
559 1217 676 1296 reliqua
692 1218 818 1295 Graecia
832 1240 849 1278 a
864 1218 976 1277 Latinis
992 1219 1165 1277 nominibus
1179 1217 1273 1295 magia
1288 1217 1345 1275 ab·

209 1305 372 1377 ‚atinente,
392 1302 531 1381 illudque
553 1307 697 1381 maxime,
719 1305 818 1383 inquit
837 1303 1043 1363 llenacheniua
1057 1301 1107 1383 ²),
1129 1322 1169 1363 er
1180 1302 1346 1383 postremis

227 1388 372 1448 chronici
395 1389 478 1446 annis
502 1387 612 1466 liquet,
635 1391 667 1447 in
690 1391 800 1469 quibus
822 1399 885 1448 tam
902 1390 1025 1469 prolixe
1050 1390 1345 1450 describunturaota

191 1473 194 1478 ’
225 1474 303 1533 Boni
317 1473 451 1551 Magistri
473 1474 504 1532 in
520 1475 647 1556 Templo
662 1472 847 1553 ¹studitarum
865 1476 1124 1556 Constantinopoli
1137 1475 1248 1555 sepulti
1264 1495 1344 1534 anno

223 1560 359 1620 Heraclii
374 1578 451 1619 xvn.
474 1569 509 1619 ut
522 1580 584 1619 non
604 1569 721 1621 tantum
748 1562 858 1621 ibidem
880 1562 1036 1642 scripsisse
1059 1562 1239 1631 Auctorem,
1274 1559 1345 1641 (vel

225 1647 328 1726 potius
353 1645 614 1721 continuatorem,
637 1646 675 1705 de
699 1666 760 1726 quo
775 1648 855 1709 infra
875 1645 1016 1729 agemus)
1037 1647 1092 1708 aed
1116 1656 1199 1708 etex
1215 1642 1343 1706 studius

221 1750 317 1806 unum
329 1731 422 1792 fuisse
437 1742 583 1815 appareat
602 1732 861 1796 verisimillimum.

58 1905 169 1970 Quando
186 1904 218 1958 il-
233 1970 236 1977 Δ
308 1903 361 1966 lx.
405 1903 518 1963 Verum
533 1919 603 1962 cum
618 1902 790 1964 Chronioon
805 1903 899 1983 istud,
922 1920 976 1964 seu
990 1898 1177 1976 Paschalion,
1194 1918 1235 1961 ex
1249 1897 1344 1961 variis

55 1974 429 2069 ¹1⁰⁸ffl¹⁶t⁰r⁴3oript0nnns
455 1989 591 2047 centonis
617 1989 717 2050 instar
742 1991 955 2049 concinnatum
983 1991 1037 2066 sit,
1064 1987 1152 2067 juxta
1172 1985 1343 2063 Patavium,

147 2079 170 2132 P
188 2081 254 2136 7'et
268 2083 304 2133 ut
320 2075 361 2133 ait
375 2073 527 2150 Scaliger,
544 2090 592 2134 ‘eoo
603 2072 697 2134 ‚donia
712 2073 878 2157 aliqnando
897 2076 1007 2157 pannio
1021 2086 1175 2134 conantum
1184 2116 1193 2148 ,
1216 2092 1258 2130 am
1274 2074 1345 2153 qui·

54 2158 278 2246 vinniano-⁶²²³
294 2174 321 2218 et
335 2156 640 2240 nontenuiafructua
655 2162 694 2219 ait
711 2162 763 2242 qui
777 2182 818 2221 eor
838 2159 884 2221 liis
892 2158 998 2241 colligi
1010 2158 1115 2240 possit,
1131 2156 1225 2235 idque
1240 2156 1342 2234 ipsum

71 2251 190 2321 quiritur.
223 2246 364 2304 observet
380 2245 478 2303 exacti
492 2245 541 2304 vir
559 2243 667 2324 judieii
680 2246 831 2306 llenricus
847 2247 1001 2321 Valesius,
1023 2242 1180 2321 multaque
1194 2241 1341 2301 hactenus

219 2329 334 2390 inedita
354 2329 387 2389 in
405 2348 443 2389 eo
466 2330 579 2390 inserta
593 2335 761 2392 Auctorum
781 2342 948 2410 segmenta,
972 2346 1102 2408 quorum
1124 2344 1268 2407 persaepe
1284 2347 1342 2385 no-

218 2415 300 2475 mina
313 2416 430 2492 reticet,
451 2417 546 2474 multa
563 2434 601 2474 ex
614 2418 756 2474 Africano
783 2417 891 2496 (cujus
907 2415 1019 2474 assecla
1036 2414 1179 2472 dicituro
1195 2406 1341 2495 Goaro³)

219 2501 411 2581 Epiphanio,
433 2499 589 2573 Eusebio,
603 2498 779 2559 Marcellino
798 2501 929 2576 Gemite,
957 2499 1073 2578 ldatio‚
1095 2499 1211 2558 Joanno
1232 2498 1340 2558 Malela

221 2584 425 2659 Antiocheno,
447 2583 572 2661 aliisque
588 2583 682 2644 verbo
699 2593 789 2644 tenua
802 2585 956 2666 descripta
977 2585 1055 2660 sint,
1077 2602 1138 2647 non
1155 2586 1244 2663 plone
1258 2601 1341 2643 asse-¹

222 2689 301 2748 quor
325 2666 478 2749 quomodo
500 2667 592 2753 inde,·
614 2689 676 2728 non
696 2671 977 2740 remanduntaxat
997 2670 1084 2747 dico,
1106 2670 1160 2730 aed
1180 2669 1340 2750 scriptoris

212 2756 349 2836 patriam
364 2760 415 2814 aut
430 2772 522 2831 genua
539 2755 686 2835 quispiam
702 2750 802 2816 valeat
814 2756 1002 2817 subodorari.
1046 2754 1121 2817 Nam
1141 2756 1224 2835 quod
1245 2768 1339 2835 qnae·

220 2838 292 2899 dam
315 2861 353 2901 ex
374 2839 586 2899 Alexandrinis
607 2842 660 2902 vel
680 2841 890 2919 antiochenis,
921 2853 952 2903 et
977 2842 1045 2901 aliia
1066 2842 1216 2923 ejusmodi
1234 2841 1339 2909 rebus,

214 2935 257 2985 'ut
279 2924 417 3003 videtur,
447 2926 651 3004 singularibus
667 2928 798 2988 subinde
814 2930 958 3008 loquatur
973 2937 1095 3004 auctor,
1117 2931 1227 2987 mirum
1241 2926 1340 2986 videri

221 3032 283 3071 non
304 3012 407 3088 debet,
430 3028 501 3070 oum
523 3032 600 3093 opus
619 3028 708 3074 suum
725 3016 902 3095 praesertim
923 3014 1114 3074 contexuerit
1133 3032 1173 3074 ex
1188 3013 1280 3074 varii'a
1294 3012 1340 3073 ci·

218 3098 349 3157 vitatum
370 3097 419 3157 vel
439 3098 665 3175 provinciarum
681 3099 892 3176 Paschalibus,
912 3110 948 3160 ut
960 3099 1052 3159 semel
1072 3098 1230 3161 scitorum
1247 3094 1339 3178 proli-

221 3190 318 3260 tetnr,
338 3182 371 3242 in
393 3180 502 3261 qulbus
533 3204 567 3244 ea
589 3185 726 3245 solebant
744 3186 875 3247 inserere
897 3186 1086 3273 potissimum
1107 3200 1184 3264 qnae
1206 3186 1337 3264 patriam

217 3276 413 3347 spectarent,
435 3268 479 3329 ita
501 3278 539 3329 ut
557 3270 700 3331 ,Paschale
715 3270 1079 3353 Constantinopolitanum
1099 3288 1147 3330 res
1169 3270 1338 3341 Constanti-

218 3355 430 3433 nopolitanae,
460 3352 697 3417 Alexandrinum
719 3358 957 3430 Alexandrinas,
984 3354 1204 3417 Antiochorum
1229 3356 1337 3416 Antio·

207 3434 330 3499 ‘ahenas
348 3458 495 3500 unacum
511 3441 697 3520 singularum
712 3444 845 3525 Epochis
864 3446 1043 3520 contineret,
1065 3442 1229 3522 exquibus
1244 3456 1336 3521 quae-

217 3523 287 3584 dam
304 3537 397 3605 prout
419 3525 478 3586 arbi
497 3528 656 3589 ridebatur
675 3531 779 3609 selegit
793 3533 933 3611 scriptor.
976 3530 1055 3589 Hine
1065 3522 1131 3587 ¹tam
1145 3528 1223 3588 varii
1239 3544 1274 3586 ac
1290 3524 1336 3586 di·

215 3611 299 3670 rersi
323 3610 540 3692 chronologici
566 3614 790 3676 characteriami
812 3637 848 3675 ac
875 3615 1010 3696 computi
1037 3622 1204 3674 occurrunt
1221 3612 1254 3672 in
1274 3611 1334 3671 hoc

218 3695 387 3774 Chronico,
408 3706 473 3757 tum
496 3699 528 3757 in
553 3701 639 3760 annis
659 3724 675 3761 a
695 3701 809 3761 mundo
828 3699 966 3778 condito,
990 3700 1101 3760 tamin
1120 3720 1224 3759 eorum
1240 3697 1334 3757 variis

216 3783 344 3861 sumptis
362 3783 473 3857 initiis,
496 3803 572 3862 quaa
590 3787 712 3866 quidem
735 3778 950 3847 intordum'ab
972 3786 1162 3866 aequinoctio
1187 3804 1281 3845 veruo
1305 3792 1335 3841 et

215 3865 318 3927 Martii
331 3888 397 3928 xxx.
411 3867 561 3931 deducere
574 3890 607 3932 aa
620 3872 791 3953 profitetur,
813 3883 844 3934 et
858 3872 1013 3934 interdum
1030 3870 1180 3934 orditura
1195 3872 1333 3952 Septem·

252 4150 284 4218 ¹)
301 4151 334 4208 P.
353 4153 413 4208 197.

250 4219 284 4357 ἓξ
301 4219 333 4344 {p
348 4221 603 4366 ξὲοέἑιίιὶιὲγοξωώ
618 4227 653 4283 ad
669 4231 765 4283 tomum
781 4230 807 4285 3.
823 4226 931 4293 Martii,
948 4243 1007 4299 cap.
1026 4228 1054 4283 2.
1071 4244 1099 4283 n.
1116 4227 1157 4283 13.

564 4315 579 4350 (l
604 4334 613 4351 ο
