2992 4894
246 254 300 339 ta
394 296 397 303 -
658 248 964 325 censuario.

246 432 418 515 Aegyptios*
432 438 565 509 'testetur
580 422 732 510 Georgius
753 422 913 513 syncellus
926 429 979 510 ι))
1001 448 1037 492 ao
1056 448 1113 515 per
1128 432 1310 495 indictiones
1329 434 1362 495 in

245 538 285 581 ec
301 516 408 599 digesti
422 518 573 595 legentum
594 516 710 578 meinos
722 519 774 578 vel
789 517 988 578 Macedonum
1001 536 1094 597 more,
1108 521 1160 581 vel
1175 520 1360 600 Latinorum,

247 626 303 686 per
317 604 484 679 Kalendas,
506 600 579 662 Idus
595 608 625 663 et
638 604 739 663 Nouae
755 603 933 677 efferantur3
966 622 1113 665 annorum
1128 606 1277 666 initiuma
1293 608 1361 666 Ka-

246 691 346 751 lendis
356 689 504 766 ianuarii,
529 686 577 750 v'el
596 689 780 771 Septembris
798 690 944 766 ducetur,
964 700 1070 752 contra
1089 710 1179 772 quem
1191 692 1275 771 apud
1289 693 1361 752 Alc·

244 774 428 851 rendrinos,
452 775 535 856 apud
551 792 625 853 quos
646 775 715 834 anni
727 776 844 836 initium
870 777 998 837 sumitur
1011 800 1027 836 a
1041 796 1143 838 mense
1154 777 1250 853 Thot,
1273 777 1361 858 cujus

246 864 363 944 primus
375 862 441 920 dies
459 861 728 941 responderimus.
746 862 806 922 diei
825 861 934 921 mensis
948 860 1086 942 Augusti.
1129 863 1249 938 Quibus
1265 862 1361 924 addu-

248 947 288 1008 cti
302 947 468 1007 rationibus
481 968 542 1006 non
555 946 679 1006 defuere
694 949 747 1026 qui
758 947 852 1008 hosce
863 946 993 1008 Annales
1007 942 1269 1031 Constantinopoli
1285 950 1360 1009 iuis·

245 1050 279 1095 se
300 1033 488 1112 conscriptos
515 1032 734 1111 existimarent,
768 1035 821 1094 ubi
841 1032 997 1115 praedicta
1021 1037 1118 1094 omnia
1141 1044 1227 1095 erant
1244 1034 1278 1094 iu
1298 1052 1361 1095 usu

167 1129 192 1181 V
210 1131 227 1186 6
243 1116 376 1198 vulgari,
399 1125 505 1195 magna
519 1128 606 1197 parte
629 1138 667 1178 ex
680 1121 775 1195 reteri
790 1118 884 1180 Roma
897 1120 1038 1180 traducta
1052 1122 1143 1180 simul
1158 1138 1226 1180 oum
1240 1120 1362 1200 Imperii

215 1223 220 1230 ’
243 1188 332 1281 sede,
354 1225 417 1279 nou
433 1204 506 1263 item
519 1200 552 1262 in
578 1205 695 1284 reliqua
710 1207 837 1285 Graecia
851 1228 867 1266 a
883 1207 1183 1267 Latinis'numinibus
1197 1207 1292 1284 magis
1307 1207 1361 1265 eb—

244 1292 390 1365 stinente,
411 1289 549 1370 illudque
571 1295 715 1369 maxime,
737 1293 836 1371 inquit
855 1292 1061 1352 Henschenius
1075 1290 1125 1372 ²),
1147 1312 1187 1352 ex
1198 1292 1362 1372 postremis

246 1375 390 1435 Chronici
414 1376 497 1435 anuis
520 1376 631 1454 liquet,
653 1380 685 1436 in
708 1379 819 1457 quibus
841 1387 902 1437 tem
921 1377 1043 1457 prolixe
1069 1379 1282 1439 describuntur
1296 1388 1362 1437 acta

209 1461 212 1465 ’
244 1463 321 1521 Boni
336 1461 470 1539 Magistri
491 1463 522 1521 in
538 1463 664 1543 Templo
680 1452 865 1541 studitarum
883 1465 1141 1545 Constantinopoli
1156 1465 1267 1544 sepulti
1282 1485 1361 1523 anno

242 1548 378 1607 Heraclii
392 1566 469 1606 xvrr.
492 1557 602 1608 utnon
622 1557 739 1610 tantum
766 1551 876 1609 ibidem
898 1551 1054 1630 scripsisse
1077 1550 1257 1621 Auctorem,
1292 1549 1363 1630 (vel

243 1635 347 1714 potius
370 1634 632 1709 Continuatorem,
656 1635 693 1694 de
717 1654 777 1714 quo
793 1636 873 1697 infra
893 1634 1032 1718 egemus)
1055 1636 1109 1698 sed
1134 1646 1217 1697 etex
1233 1632 1362 1697 studim

239 1716 336 1793 unum
347 1719 440 1780 fuisse
456 1731 601 1803 appareat
620 1720 879 1784 verieimillimum.

75 1893 187 1957 Quando
204 1891 237 1946 it-
326 1891 380 1953 lx.
423 1891 536 1951 Verum
551 1908 621 1950 cum
636 1890 808 1952 Chronicon
824 1892 917 1971 istud,
940 1908 994 1952 seu
1008 1888 1195 1965 Paeohelion,
1212 1889 1363 1951 exserite

73 1961 123 2016 ¹5⁰⁸
144 1968 447 2057 auctorent-iprenses
473 1977 608 2036 centonis
635 1977 735 2038 instar
760 1981 973 2038 concinnatum
1000 1980 1055 2054 sit,
1082 1976 1170 2056 juxto
1190 1975 1362 2054 Petreium,

165 2067 188 2119 P
206 2069 272 2123 7'et
287 2072 322 2121 ut
338 2063 379 2122 ait
393 2061 543 2138 Scaliger,
562 2077 610 2122 ‘em
621 2060 715 2122 ‚donis
730 2061 897 2145 aliquando
915 2065 1025 2145 pannis
1039 2075 1211 2143 consutum,
1234 2082 1276 2120 erc
1292 2065 1363 2143 qui·

72 2145 296 2235 ,axeflt’fflgbus
312 2162 339 2206 et
353 2168 416 2208 non
429 2148 524 2205 uncis
531 2144 657 2228 fructus
673 2149 712 2207 sit
729 2150 781 2230 qui
794 2172 836 2210 ear
856 2148 902 2209 leis
909 2146 1017 2229 colligi
1028 2148 1133 2229 pessit,
1149 2146 1243 2224 idque
1258 2146 1361 2224 ipsum

88 2240 208 2310 quiritur.
241 2234 382 2292 observet
398 2233 496 2290 exacti
510 2233 559 2291 vir
577 2230 685 2312 judicii
698 2234 849 2294 Henricus
865 2235 1019 2309 Valesius,
1041 2232 1198 2310 multaque
1212 2230 1361 2292 hactenus

237 2317 352 2378 inedita
372 2317 404 2377 in
425 2336 461 2377 eo
483 2317 596 2378 inserta
611 2323 778 2380 Arctorum
799 2329 966 2398 segmenta,
989 2334 1119 2397 quorum
1142 2332 1286 2397 persaepe
1300 2338 1361 2376 no-

236 2403 318 2463 mina
331 2404 448 2479 reticet,
469 2405 564 2462 multe
581 2422 619 2462 ex
631 2406 774 2462 Africano
794 2405 908 2485 (cujus
924 2403 1037 2463 usmis
1053 2402 1196 2461 diciture
1213 2403 1314 2475 Gooro
1324 2398 1360 2486 ³)

237 2488 428 2569 Epiphanio,
451 2487 606 2562 Eusebio„
621 2486 797 2547 Marcellino
816 2489 947 2564 Gemite,
974 2487 1090 2567 idatio,
1113 2488 1228 2548 icauna
1249 2488 1359 2548 Malela

239 2572 443 2648 Antiocheno,
465 2571 590 2650 aliisque
606 2572 700 2632 verbo
718 2583 806 2632 tenus
820 2574 974 2654 descripte
995 2573 1072 2649 sint,
1094 2592 1155 2635 non
1173 2575 1261 2652 plane
1275 2578 1359 2633 ease·¹

240 2676 319 2736 quor
343 2655 497 2738 quomodo
517 2656 610 2732 inde,·
632 2678 694 2717 non
713 2660 994 2729 remanduntaxat
1015 2659 1102 2736 dico,
1124 2659 1177 2719 sed
1197 2659 1359 2739 scriptoris

230 2743 367 2825 patriam
383 2748 433 2802 aut
448 2760 540 2820 genus
556 2743 704 2823 quispiam
719 2738 820 2804 voleat
831 2744 1019 2806 subodorari.
1064 2744 1139 2805 Nam
1158 2745 1241 2825 quod
1262 2758 1358 2824 quae-

238 2826 310 2887 dam
333 2850 371 2889 er
393 2829 604 2888 Alexandrinis
624 2831 677 2891 vel
697 2829 907 2907 Antiochenia,
938 2842 969 2892 et
995 2831 1062 2890 aliis
1084 2830 1234 2911 ejusmodi
1252 2830 1357 2899 rebus,

231 2923 275 2973 'ut
296 2912 434 2989 uidetur,
465 2914 668 2992 singularibus
685 2917 814 2977 subinde
831 2919 975 2997 loquatur
990 2926 1112 2992 auctor,
1134 2919 1245 2976 mirum
1258 2915 1358 2975 videri

239 3019 301 3059 non
321 3000 425 3077 debet,
448 3016 518 3059 oum
540 3020 617 3082 opus
637 3018 725 3062 suum
742 3003 919 3083 praesertim
940 3002 1131 3062 contexuerit
1151 3020 1190 3062 ex
1204 3001 1297 3062 variis
1311 3001 1359 3061 ci-

236 3086 367 3146 vitatum
387 3085 437 3145 vel
457 3087 682 3164 provinciarum
698 3088 909 3165 Paschelibua,
929 3099 965 3148 ut
977 3088 1068 3148 semel
1079 3094 1125 3148 'ao
1139 3086 1247 3147 iterum
1264 3082 1357 3166 proli.

238 3178 335 3248 tetur,
356 3171 388 3231 iu
411 3170 519 3250 quibus
551 3193 585 3234 ea
607 3174 743 3233 solebant
761 3175 893 3236 inserere
914 3175 1104 3265 potissimum
1124 3188 1201 3252 quae
1223 3168 1356 3253 patriam

234 3265 431 3336 spectarent,
452 3257 496 3316 ite
518 3267 556 3318 ut
575 3259 717 3320 ,Psscbale
731 3258 1096 3341 constantinopolitanum
1116 3278 1165 3319 res
1186 3259 1356 3325 Constanti-

224 3343 448 3427 'nopolitanas,
477 3340 715 3405 Alexandrinum
737 3347 974 3418 Alexandrinas,
1001 3342 1221 3405 Antiochorum
1246 3344 1356 3405 Antio·

233 3425 346 3488 chenus
366 3448 427 3488 una
442 3447 513 3488 curn
528 3429 714 3509 singularum
729 3431 863 3512 Epcolris
881 3434 1060 3508 contineret,
1082 3448 1122 3491 cx
1136 3430 1247 3509 quibus
1261 3446 1355 3509 quae

235 3511 304 3572 dam
322 3524 415 3592 prout
437 3514 496 3573 sibi
515 3515 674 3579 videbatur
692 3519 796 3596 selegit
810 3521 950 3599 scriptor.
992 3518 1072 3576 Hinc
1086 3525 1148 3576 tam
1163 3516 1240 3576 varii
1256 3534 1292 3575 ao
1308 3513 1355 3575 dl-

232 3599 317 3658 rersi
341 3599 557 3679 Chronologici
583 3601 807 3663 characterismi
829 3625 865 3664 ac
892 3603 1028 3684 computi
1055 3611 1221 3663 occurrunt
1238 3602 1271 3661 in
1292 3600 1353 3661 hoc

236 3682 404 3762 Chronico,
426 3694 491 3746 tum
513 3686 545 3745 in
570 3688 656 3747 annis
676 3712 692 3748 a
712 3689 826 3748 mundo
845 3687 984 3773 condito,
1008 3698 1070 3748 tum
1086 3689 1118 3747 in
1137 3708 1241 3748 corum
1257 3687 1352 3746 variis

233 3770 361 3848 sumptis
379 3771 489 3846 initiis,
512 3793 589 3850 quaa
607 3774 729 3853 quidem
752 3774 905 3835 interdum
930 3775 967 3835 ab
989 3775 1179 3854 aequinoctio
1204 3793 1298 3834 veruo
1322 3781 1353 3830 et

232 3853 336 3914 Martii
348 3876 414 3916 xxr.
428 3855 577 3920 deducere
591 3878 624 3920 se
637 3860 808 3940 profitetur,
830 3871 862 3922 et
876 3861 1030 3922 interdum
1048 3859 1197 3920 orditura
1212 3860 1351 3940 Septem·

269 4138 281 4171 ¹
318 4139 351 4196 P.
370 4141 430 4197 19t.

267 4208 281 4310 ζ
319 4207 350 4262 In
366 4209 483 4280 Exegeei
489 4213 618 4338 praelim.
635 4215 670 4272 ud
686 4219 782 4272 morum
798 4218 824 4274 3.
841 4214 948 4282 Martii,
966 4232 1025 4287 cap.
1043 4217 1071 4273 2.
1088 4233 1116 4272 n.
1133 4215 1175 4272 ts.

286 4277 350 4345 )In
366 4278 489 4338 Praei-s
524 4283 629 4354 syncel.
