3010 4904
337 351 393 417 AD
420 348 667 418 CHRONIGUM
691 348 1033 417 ALEXANDRINUM.
1162 343 1237 420 567

128 517 279 578 turalibus
311 527 341 576 et
369 517 451 597 suis,
482 537 545 576 non
572 515 720 575 simulatis
743 517 923 597 corporibus
945 516 1132 598 compositos
1154 536 1236 592 esse3

127 604 226 663 Fuere
248 601 315 678 alii,
337 602 390 682 qui
411 600 569 664 daemones
594 602 861 682 interpretarentur
880 604 1000 682 lapsos,
1031 603 1084 663 sed
1106 621 1235 682 corpore

128 689 200 749 item
219 707 275 748 suo
296 689 432 749 vestitos.
476 688 537 747 Alii
559 688 721 747 daemonas
743 697 874 748 assumta
896 708 1061 766 corporum
1084 689 1178 748 forma
1196 708 1234 747 ex

128 779 195 834 aire
217 773 355 833 fictorum
377 782 502 834 vocatos
522 773 578 834 Dei
598 773 677 832 lilios
701 773 880 849 existimant,
901 775 1105 852 faeminasqne
1125 771 1236 849 iniisse,

128 858 337 937 quodutrum
359 858 425 919 fieri
447 868 476 917 et
496 857 587 918 homo
608 859 679 918 inde
702 859 857 938 procreari
876 859 990 939 possit,
1013 861 1148 938 disputat
1169 858 1236 918 iuss

127 946 163 1005 N.
189 945 326 1004 Serarius
347 955 458 1024 quaest.
478 945 509 1008 4.
531 965 559 1004 c.
582 949 612 1009 6.
636 944 676 1003 sd
697 944 832 1004 Tobiorn.
877 944 1005 1022 Angelos
1028 964 1065 1003 ex
1087 955 1185 1004 mente
1205 955 1236 1004 et

127 1049 259 1109 corpore
286 1041 444 1091 concretos
477 1029 666 1090 existimabat
693 1027 780 1089 Philo
809 1031 847 1090 de
874 1029 1016 1109 gigantib.
1048 1030 1100 1109 qui
1133 1029 1235 1107 genios

126 1116 264 1195 appellat
293 1121 380 1176 atreo
406 1135 533 1195 corpore
562 1116 694 1176 indutos.
736 1135 806 1174 cum
833 1115 893 1175 hoc
919 1115 994 1174 lacit
1019 1113 1137 1195 loseph.
1160 1117 1182 1176 l.
1206 1121 1234 1178 1.

128 1201 275 1280 Antiquit.
311 1202 446 1261 lustinus
468 1200 602 1281 Martyr,
631 1201 765 1261 Clemens
793 1199 1013 1260 Alexandrinus
1034 1202 1053 1261 l.
1075 1205 1103 1266 3.
1126 1202 1236 1259 Strom.

127 1286 334 1345 Tertullianus
360 1286 398 1346 de
428 1286 513 1344 cultu
536 1287 686 1347 muliebri.
731 1288 903 1347 Lactantius
924 1287 944 1345 l.
966 1293 997 1352 2.
1017 1305 1043 1348 c.
1068 1285 1116 1350 15.
1159 1285 1237 1345 Hinc

127 1372 304 1431 existimant
331 1371 465 1432 extitisse
488 1371 605 1432 fabulae
637 1378 810 1452 poetarum,
843 1374 894 1451 qui
922 1368 1175 1449 metamorphosee
1206 1381 1237 1432 et

128 1456 295 1527 connubia,
325 1466 356 1516 et
381 1456 528 1517 adulteria
558 1458 687 1517 Deorum
717 1477 787 1519 oum
816 1456 987 1517 hominibus
1016 1455 1235 1531 confinxerunt,

127 1551 163 1601 ut
191 1541 286 1603 tradit
308 1542 415 1605 Euseb.
436 1562 539 1624 praep.
560 1543 671 1620 Evang.
695 1563 722 1602 c.
744 1542 774 1606 4.
797 1543 817 1602 l.
842 1549 871 1608 1.
902 1544 1038 1602 Julianus
1062 1550 1142 1602 ‘toste
1169 1542 1235 1621 ey-

126 1628 212 1688 rillo.
256 1626 315 1687 Sed
344 1627 382 1688 de
409 1627 467 1687 hac
489 1631 662 1708 quaestione
682 1627 734 1686 liic
754 1648 809 1707 per
825 1639 1023 1687 transennam
1045 1637 1090 1687 sat
1112 1627 1236 1689 dictum.

49 1730 53 1739 ⁴
128 1713 208 1792 Lege
232 1712 422 1774 doctissimos
443 1714 556 1774 Pererii
578 1714 806 1773 commentarios
834 1712 872 1772 ad
895 1715 969 1774 Gen.
993 1732 1020 1773 c.
1041 1717 1071 1777 6.
1093 1712 1131 1773 de
1153 1713 1236 1773 diln-

127 1817 170 1858 vn
194 1818 301 1860 causis.

135 1882 139 1893 ’
216 1885 279 1943 Cur
303 1892 401 1943 autem
424 1883 533 1945 Sethus
555 1883 723 1964 appellatus
744 1883 838 1944 fuerit
860 1880 957 1951 Deus,
990 1902 1095 1942 causas
1116 1883 1236 1961 reperio

24 1998 25 2003 ¹
128 1980 211 2045 tres,
240 1970 367 2050 primam
394 1968 480 2029 hausi
507 1989 523 2028 e
549 1968 715 2047 fragmento
745 1968 881 2029 chronici
906 1989 943 2027 ex
968 1968 1100 2048 palatine
1120 1968 1237 2053 biblio-

129 2055 218 2115 theca
240 2055 277 2114 ab
300 2054 480 2116 Hoeechelio
502 2056 627 2135 accepti,
650 2053 774 2114 Sethnm
798 2053 1025 2134 quadragesimo
1047 2074 1124 2113 anno
1147 2063 1236 2114 aeta-

128 2141 186 2218 tis,
209 2138 268 2201 hoc
289 2151 351 2218 est,
373 2161 480 2202 uunxx.
502 2139 624 2214 Adsmi,
648 2140 749 2200 subito
771 2149 891 2221 raptum
911 2140 948 2199 ab
970 2139 1091 2218 angelo,
1111 2147 1142 2198 et
1158 2159 1236 2219 qua-

129 2225 268 2302 draginta
290 2226 370 2287 dieb.
394 2222 451 2308 (ut
470 2223 590 2304 Moses)
617 2245 679 2286 non
700 2226 814 2303 visum,
843 2244 906 2305 quo
934 2233 1067 2305 tempore
1088 2224 1235 2286 divinitus

129 2310 252 2388 didicit,
274 2311 354 2372 filios
375 2331 463 2387 suos,
483 2313 650 2390 Egregoros
672 2311 790 2386 dictos,
821 2329 899 2392 quos
920 2320 951 2370 et
969 2310 1047 2370 filios
1069 2309 1123 2369 Dei
1141 2311 1237 2369 nomi·

129 2397 260 2472 nabent,
288 2406 485 2477 peccaturos,
513 2407 542 2456 et
565 2395 667 2456 orbem
689 2399 862 2457 universnm
884 2396 970 2474 aquis
990 2395 1169 2456 inundatum
1188 2395 1237 2471 in',

129 2503 166 2543 ac
187 2482 326 2562 (praeter
347 2491 478 2561 paucos)
500 2483 687 2564 pariturum,
710 2492 871 2542 venturum
891 2482 983 2541 etiam
1005 2480 1107 2540 salutis
1129 2489 1238 2541 aucto-

129 2588 195 2628 rem
225 2565 394 2647 Christum,
424 2577 514 2647 atque
542 2564 617 2628 haec
644 2568 744 2627 omnia
774 2566 923 2648 parentib.
952 2566 1069 2627 Adamo
1097 2566 1237 2645 Evaequs

130 2673 208 2733 quae
230 2654 267 2711 ab
291 2654 404 2732 Angslo
426 2652 604 2733 accepisset,
635 2652 829 2733 exposuisse;
859 2651 891 2711 in
912 2652 967 2712 illo
989 2672 1061 2730 ergo
1086 2670 1155 2710 cum
1176 2652 1238 2710 An·

129 2737 197 2818 gelo
219 2759 381 2818 congressu
403 2738 522 2800 caelesti
545 2737 761 2799 circumfusum
782 2736 941 2819 splendore
964 2758 1053 2818 quem
1079 2757 1135 2817 per
1161 2736 1238 2798 reli-

129 2842 220 2903 quam
246 2824 342 2885 vitam
369 2824 544 2902 retinuerit,
573 2824 620 2885 uti
645 2835 677 2886 et
696 2825 816 2905 Moyses
842 2821 1040 2903 quadraginta
1061 2823 1146 2883 anuis
1165 2823 1237 2883 totis
1254 2841 1288 2895 19

129 2908 237 2968 faciem
260 2910 383 2972 velavit.
426 2912 513 2972 Hanc
534 2930 605 2990 ergo
625 2911 754 2992 primam
774 2910 879 2972 ferunt
900 2929 1037 2984 causam,
1057 2929 1114 2969 cnr
1128 2906 1237 2969 Sethus

129 2992 223 3054 fuerit
249 2991 349 3052 dictus
374 2996 475 3072 -lleus,
503 3015 593 3074 quem
622 3016 677 3076 ego
698 2999 732 3057 in
752 2996 852 3058 medio
872 2995 1029 3075 relinquo,
1060 2994 1237 3056 veritusne

130 3099 171 3140 ex
191 3066 420 3155 sethianorum,
444 3081 496 3159 qui
516 3079 662 3141 haeretici
683 3082 783 3155 suere,
803 3081 891 3142 libris
912 3082 972 3142 sint
994 3082 1136 3163 decerpta
1147 3125 1157 3158 ,
1184 3078 1237 3159 qui

130 3173 254 3244 raptum
283 3163 420 3224 ferebam
445 3162 587 3238 sethum,
616 3168 798 3245 quamquam
826 3167 883 3225 alia
913 3165 1061 3241 absurda,
1089 3186 1166 3245 quae
1185 3164 1237 3224 bic

130 3270 192 3309 nou
213 3258 394 3328 tanguntur,
424 3248 618 3310 attexuerint.
658 3249 724 3329 lege
750 3247 900 3332 Epiphan.
920 3248 1038 3310 haeresi
1058 3254 1110 3315 89.
1132 3258 1163 3309 et
1184 3249 1236 3314 40.

132 3344 239 3396 contra
265 3334 425 3395 Sethianos
454 3343 485 3394 et
511 3333 721 3396 Archonticos.
775 3336 910 3396 Alteram
939 3333 1039 3395 adfert
1067 3334 1176 3395 Suidas
1204 3334 1237 3393 in

130 3440 206 3482 voce
227 3415 320 3500 Σήθ,
348 3421 403 3480 ubi
427 3420 559 3480 ostendit
578 3417 703 3481 Sethum
734 3420 787 3481 Dei
815 3420 937 3481 nomine
964 3420 1137 3498 dignatum,
1164 3439 1236 3499 pro

131 3517 200 3587 pter
227 3525 372 3566 summam
403 3506 545 3589 pietatem
575 3515 604 3565 et
629 3505 775 3586 justitiam
803 3516 834 3567 et
861 3505 1059 3569 sanctitatem.
1104 3506 1237 3565 Tertium

131 3590 217 3651 addit
245 3592 285 3652 ob
312 3611 414 3653 rerum
443 3591 615 3653 caelestium
643 3591 837 3671 siderumque
864 3591 1063 3671 cognitionem
1084 3601 1116 3650 et
1136 3589 1236 3650 scien-

130 3676 215 3739 tiam.

216 3763 378 3824 Enimvero
405 3781 515 3823 nomen
540 3761 596 3821 Dei
623 3781 686 3821 non
712 3764 850 3823 rsfsnsnt
877 3761 916 3822 ad
946 3759 1086 3837 sethum,
1116 3762 1169 3821 sed
1196 3761 1236 3821 sd

130 3847 232 3928 ipsum
254 3850 365 3927 Deum,
385 3847 469 3929 quod
490 3846 562 3908 boni
584 3857 614 3906 et
631 3846 705 3928 justi
726 3848 797 3907 alias
820 3867 939 3927 quoque
959 3847 993 3906 in
1013 3847 1107 3907 sacris
1127 3847 1235 3907 litteris

131 3932 184 3992 lilii
205 3933 260 3993 Dei
279 3935 485 3995 nominentur.
528 3932 591 4011 Ego
615 3932 678 3993 dixi
702 3933 748 3993 Dii
770 3933 843 3995 estis
865 3942 895 3992 et
912 3931 968 3992 filii
990 3933 1102 3993 excelsi
1122 3952 1235 3994 omnes.

131 4021 199 4098 pari
219 4020 337 4079 ratione
357 4019 465 4099 Angeli
487 4026 637 4079 vocantur
654 4018 714 4079 filii
734 4019 809 4096 ttei,
836 4029 870 4079 ut
894 4029 941 4079 est
960 4019 1043 4099 apud
1063 4018 1180 4079 lolium.
1206 4029 1237 4079 et

131 4103 213 4184 apud
234 4103 377 4164 loannem
397 4126 420 4165 1.
443 4103 509 4163 aliis
531 4103 635 4164 multis
656 4104 740 4169 locis.
1229 4116 1236 4143 ¹

217 4188 262 4250 V.·
293 4191 376 4270 Apud
397 4190 547 4251 Chaldaeos
562 4194 667 4269 primm
686 4191 792 4251 illerum
812 4189 870 4249 dur
890 4189 1003 4268 Aloros]
1029 4190 1157 4250 Berosus
1175 4188 1236 4267 pri·

129 4293 197 4333 mus
218 4273 315 4336 edidit
334 4275 554 4336 Gheldseorum
575 4275 747 4356 principum
768 4278 899 4351 nomina,
921 4275 974 4355 qui
995 4286 1064 4337 ante
1084 4273 1243 4335 diluvium·

21 4392 25 4403 ·
129 4359 334 4441 imperarunt,
356 4361 494 4443 quamvis
516 4361 604 4423 aliter
622 4362 771 4426 'sentiente
792 4360 943 4443 syncello.
1100 4359 1106 4372 ’
