3028 4898
458 334 660 403 GHRONICI
679 332 909 407 elocutus.
1165 334 1239 412 155

126 503 203 568 638.
221 498 318 560 Paulo
339 499 377 560 ll.
398 508 429 560 et
448 499 594 562 Varrone.

128 588 206 653 589.
225 583 320 645 Fabio
346 585 477 647 Maximo
500 598 530 647 et
552 585 681 647 Grecho.
1196 597 1299 649 tem

128 671 205 737 540.
225 668 319 730 Fabio
340 671 471 732 Maximo
487 670 527 734 ll.
550 682 581 733 et
601 673 753 738 Marcello.
1194 685 1318 731 metm.

128 757 206 822 541.
227 755 360 816 Maximo
381 766 413 817 et
426 756 580 819 Graccho.
815 800 819 811 ,
1312 801 1319 818 ,

127 840 206 907 542
224 840 357 903 Pulchro
378 852 409 902 et
428 842 548 904 Flacco.
1198 855 1276 902 nm,

127 923 207 992 548.
230 926 349 986 Galva
349 937 379 987 et
401 930 589 996 Centumalo.

7 1046 9 1051 ¹
128 1008 206 1077 544.
228 1011 363 1091 Lebyiuo
386 1023 416 1074 et
432 1014 583 1077 Marcello.

128 1093 208 1163 545.
228 1097 322 1158 Fabio
345 1107 376 1158 et
393 1099 512 1160 Flacco.

127 1180 205 1248 546.
228 1183 372 1249 Marcello
392 1194 423 1246 et
443 1185 592 1269 Criapino.

128 1265 207 1332 547.
229 1269 348 1330 Nerone
369 1280 400 1331 et
421 1271 599 1334 Salinatore.

7 1376 9 1407 i
127 1348 207 1419 548.
229 1354 352 1415 Metello
374 1364 406 1416 et
425 1357 539 1418 Filena.
664 1408 666 1413 .

113 1433 207 1503 549.
232 1440 373 1520 Scipione
395 1450 426 1501 et
445 1443 553 1503 Craeeo
574 1440 677 1504 divite.

128 1517 207 1588 550.
229 1523 377 1604 Caethego
399 1536 428 1586 et
449 1527 607 1589 Tuditano.

129 1601 206 1671 551.
228 1610 376 1690 Caepione
398 1621 428 1671 et
449 1613 585 1675 Servilio.

129 1690 207 1759 552.
229 1696 347 1755 Nerone
369 1705 400 1756 et
422 1698 559 1758 Servilio.
600 1755 606 1771 .

128 1774 205 1841 558.
230 1780 355 1840 Lentulo
377 1792 407 1842 et
429 1785 531 1845 Paeto.

128 1859 208 1927 554.
231 1866 327 1926 Galba
347 1865 386 1925 Π.
408 1879 438 1929 et
455 1869 551 1929 Cotta.

23 1972 28 1983 ·
129 1944 206 2012 555.
229 1951 356 2011 Lentulo
379 1962 409 2013 et
429 1954 580 2035 Tappulo.

130 2030 208 2098 556.
229 2036 374 2096 Flaminio
397 2049 429 2100 et
449 2041 531 2099 Peto.

131 2126 209 2194 557.
232 2120 365 2200 Cethego
387 2134 418 2184 et
434 2124 523 2187 Ruso.

131 2212 208 2279 658.
230 2205 402 2288 Porphyrio
425 2218 456 2270 et
476 2210 629 2270 Marcello.

131 2297 209 2364 559.
230 2293 320 2354 Toeto
342 2302 372 2352 et
392 2295 511 2356 Flacco.

131 2383 208 2449 560.
230 2378 372 2459 Scipione
393 2380 537 2440 Africano
561 2387 591 2440 et
611 2382 724 2462 Longo.

132 2470 209 2534 661.
233 2464 376 2524 Merrulla
398 2475 428 2525 et
449 2465 571 2527 Hermo.

133 2552 211 2619 562.
232 2548 381 2610 Flaminio
403 2561 435 2612 et
456 2549 665 2615 Ahenobarbo.
715 2562 725 2581 ⁴

97 2639 100 2644 ’
134 2637 209 2704 663.
232 2634 394 2695 Glabrione
417 2645 447 2696 et
466 2635 584 2700 Nasica.

133 2723 209 2790 564.
233 2719 372 2799 Scipione
394 2732 424 2781 et
443 2721 551 2787 Lellio.

133 2806 209 2875 565.
230 2806 397 2866 Wulecone
418 2817 448 2868 et
468 2807 631 2873 Nobiliore.

134 2893 209 2960 566.
232 2891 399 2951 Salinatore
419 2902 448 2955 et
468 2893 605 2956 Messala.

134 2979 210 3046 567.
232 2975 351 3056 Lepido
372 2986 403 3037 et
423 2978 578 3039 Flaminio.

135 3061 210 3131 568.
233 3061 343 3124 Albino
366 3072 396 3123 et
419 3062 571 3144 Philippo.

52 3220 55 3223 Ι
135 3149 210 3214 569.
233 3145 363 3207 Pulchro
386 3157 416 3209 et
437 3149 599 3209 Tuditano.

140 3237 215 3300 570.
238 3232 370 3292 Pulchro
388 3234 427 3293 ll.
451 3243 481 3294 et
502 3234 628 3295 Licinio.

136 3317 212 3384 671.
234 3318 382 3378 Lebaeme
404 3327 435 3379 ct
457 3319 611 3383 Marcello.

137 3396 212 3469 572.
232 3403 403 3484 Pamphilio
425 3415 456 3465 et
476 3405 578 3465 Paulo.
734 3402 736 3407 ’

137 3490 212 3554 578.
234 3488 364 3568 Cethego
387 3499 417 3549 et
434 3489 615 3575 Pamphilio.

138 3574 213 3641 574.
232 3572 344 3634 Albino
366 3584 397 3635 et
417 3575 532 3639 Pisone
578 3642 583 3655 ι

138 3657 212 3724 575.
231 3659 370 3740 Acindyn
373 3683 391 3718 o
413 3669 443 3720 et
457 3661 576 3723 Flacco.

138 3741 213 3814 576.
236 3680 370 3804 Brutoyn
353 3752 386 3809 et
406 3746 546 3813 Vulsone.

138 3827 214 3895 577.
235 3829 367 3892 Pulchro
388 3841 419 3891 et
440 3829 590 3894 Graccho.

138 3915 213 3981 578.
236 3915 379 3996 Scipione
400 3925 431 3983 et
451 3918 566 3979 Petico.

138 4000 212 4064 579.
234 4000 348 4080 Lepido
370 4002 407 4065 11.
429 4012 461 4063 et
481 4005 637 4069 Scaebola.

139 4084 212 4149 580.
233 4089 329 4145 Albino
350 4098 378 4147 et
399 4094 536 4154 Scaevola.

140 4166 212 4234 581.
238 4170 349 4230 Albino
371 4181 402 4232 et
423 4174 542 4256 Beuate.

139 4253 214 4320 582
234 4256 349 4317 Leuate
369 4265 400 4318 et
420 4256 515 4320 Aelio.

139 4336 214 4407 683.
239 4341 352 4404 Graeco
369 4350 402 4404 et
421 4344 533 4426 Longo.
