2992 4894
258 342 309 414 30
664 328 972 425 saturano.

260 518 366 571 auctor
381 518 417 570 ut
429 506 523 568 idiota
538 505 709 566 traducitur
723 527 739 565 a
753 504 918 583 scaligero:
938 524 994 564 nec
1008 503 1132 585 injuria,
1154 522 1222 563 cum
1236 503 1366 583 plurima

260 605 350 675 atque
365 595 441 654 adeo
455 594 517 652 lere
533 592 629 652 omnis
646 592 726 671 stylo
740 592 901 652 admodum
919 590 1033 669 vulgari
1047 601 1076 649 et
1090 591 1203 675 yudutp
1218 606 1366 649 exarare-

259 682 310 742 rit.
364 679 432 739 Huc
453 676 585 750 accedit,
615 677 696 756 quod
718 698 786 737 cum
805 677 917 758 triplex
940 676 978 736 ait
996 675 1077 756 apud
1101 676 1233 735 Graecos
1256 692 1323 734 aera
1347 695 1366 733 a

261 764 366 826 mundi
385 763 523 837 conditu,
547 764 585 822 ad
608 762 743 822 Natalem
758 762 885 837 Christi,
907 768 937 821 et
957 760 1066 820 exinde
1086 760 1197 820 secutis
1213 760 1367 839 tempori-

261 853 335 927 bus,
356 860 391 909 ut
412 848 624 929 praecaeteris
646 848 735 908 docet
753 850 891 908 Petaviua
905 848 973 906 loco
992 855 1062 926 post
1078 845 1248 906 Chronimn
1264 846 1366 919 allato,

261 936 350 996 aliem
364 938 490 995 Sanctus
504 934 668 1006 Maximus,
690 934 777 994 aliam
796 943 902 992 auctor
917 932 1068 991 Paschslis
1086 930 1202 992 ineunt.
1245 931 1367 1009 Quippe

261 1022 290 1085 S.
304 1021 452 1081 Maximus
477 1029 652 1101 computum
672 1038 759 1079 suum
778 1017 1015 1078 Ecclesiasticum
1031 1036 1109 1076 anno
1126 1036 1212 1078 xxxi.
1234 1015 1367 1075 Heraclii

260 1108 341 1186 (quo
362 1104 388 1166 is
408 1105 558 1166 extinctus
579 1112 624 1164 est
643 1126 687 1164 ιιι.
708 1105 806 1164 Martii
831 1104 897 1163 lud.
910 1101 996 1187 ιιιι.)
1019 1122 1050 1161 ae
1071 1102 1287 1182 conscripsisse
1307 1121 1368 1160 nun

260 1212 320 1251 uuo
345 1192 413 1251 loco
436 1186 625 1272 testaturl),
654 1191 721 1269 qui,
750 1189 865 1268 inquit,
888 1206 982 1247 annua
1001 1196 1046 1248 est
1070 1209 1086 1247 a
1108 1187 1220 1247 mundo
1243 1186 1368 1246 condito

159 1284 161 1289 ’
259 1297 303 1336 ιι.
323 1296 484 1338 mcxxxur.
527 1274 621 1353 Atqui
645 1275 737 1336 ducto
757 1275 843 1335 initio
867 1274 996 1336 aNatali
1013 1271 1140 1348 Christi,
1163 1283 1251 1352 quem
1263 1272 1296 1331 in
1310 1291 1369 1330 au-

261 1382 333 1422 num
354 1361 458 1421 mundi
479 1380 510 1419 ι.
530 1380 599 1420 arur.
623 1361 758 1442 conjicit,
780 1361 860 1420 idem
877 1380 971 1419 annus
991 1376 1084 1421 ccxxi.
1113 1358 1247 1418 Heraclii
1265 1358 1299 1416 iu
1313 1377 1369 1417 au-

250 1468 332 1507 num
349 1447 459 1506 Christi
475 1445 690 1526 Dionysianum
713 1447 798 1526 juxte
814 1445 895 1505 illius
911 1446 1068 1505 Calculum
1080 1464 1235 1506 naxaxrn.
1247 1443 1370 1503 incide-

158 1529 161 1539 '
261 1533 318 1593 rit:
344 1532 454 1613 quibua
469 1533 495 1591 si
510 1551 578 1590 rur.
600 1533 686 1607 suni,
709 1541 785 1611 quot
806 1530 933 1610 proinde
954 1532 1090 1590 Natalem
1105 1528 1214 1589 Christi
1230 1539 1373 1599 antever-

262 1619 308 1691 tit,
329 1617 417 1698 juxta
428 1616 629 1692 Paracletum,
650 1626 685 1677 ut
699 1626 729 1677 et
740 1618 772 1676 iu
782 1616 982 1694 Chrouologia
994 1617 1127 1697 ejusdem
1141 1625 1285 1694 computo
1298 1614 1373 1674 sub-

262 1703 344 1778 dita,
373 1698 539 1778 addantur,
558 1702 621 1761 'liet
644 1722 738 1762 annua
757 1722 859 1766 nessa.
882 1702 1094 1782 Dionysianus,
1128 1721 1188 1780 quo
1211 1700 1373 1759 Heraclius

262 1787 348 1849 obiit.
394 1789 432 1848 At
444 1784 608 1848 secundum
620 1787 772 1848 Paschslis
794 1788 989 1864 scriptorem,
1012 1786 1062 1847 cui
1075 1807 1171 1847 annus
1182 1784 1298 1846 Christi
1314 1787 1375 1845 Na-

259 1874 329 1933 talis
355 1873 507 1934 interdum
530 1882 576 1933 est
597 1873 909 1935 v.smv11.interdum
931 1892 961 1932 ι.
975 1893 1065 1934 uurx.
1088 1892 1286 1932 annusxxxr.
1308 1870 1374 1932 lle-

259 1957 348 2018 raclii
364 1959 502 2039 imperii,
525 1967 645 2039 sumpto
662 1959 749 2019 initio
767 1978 826 2021 av.
846 1958 1002 2034 Octobris,
1024 1978 1083 2037 quo
1103 1957 1153 2018 die
1166 1978 1253 2018 casso
1268 1955 1373 2017 Phcca

260 2052 407 2123 tyranno,
430 2043 538 2107 Indict.
556 2062 621 2101 xrs.
644 2042 806 2125 Imperium
821 2043 902 2119 iniit,
925 2044 984 2104 erit
998 2064 1100 2103 umcr.
1115 2063 1182 2103 nam
1198 2063 1293 2103 sunus
1305 2044 1374 2124 pri-
1414 2044 1419 2054 '

260 2148 328 2187 mus
344 2128 476 2188 Heraclii
495 2128 528 2186 in
548 2148 658 2187 sunum
682 2129 787 2189 mundi
807 2128 920 2190 conditi
941 2149 985 2191 ιι.
1008 2148 1117 2193 mcxix.
1143 2149 1196 2188 seu
1211 2127 1313 2210 potius
1326 2148 1374 2187 ιι.

260 2234 395 2274 arcxvur.
411 2234 470 2293 quo
482 2212 607 2273 indictio
622 2235 686 2278 xrv.
701 2235 801 2275 meuse
812 2215 979 2297 Septembri
992 2214 1110 2274 initium
1125 2214 1223 2291 duxit,
1246 2214 1374 2290 confert,

261 2299 313 2379 qui
327 2299 386 2358 tais
402 2318 497 2359 annus
511 2297 621 2359 Christi
637 2300 837 2380 Dionysisnus
855 2319 925 2360 unx.
941 2301 991 2360 cui
1003 2300 1029 2359 si
1042 2298 1193 2360 addantur
1206 2320 1295 2360 xxxr.
1315 2299 1375 2358 lm-

168 2400 195 2454 v
208 2401 244 2457 22
261 2384 337 2465 perii
360 2383 496 2465 ejusdem
514 2386 642 2464 Augusti
666 2387 754 2463 anni,
792 2384 844 2446 liet
865 2406 960 2446 annua
983 2384 1095 2445 Christi
1118 2386 1249 2465 vulgaris
1269 2404 1374 2445 ncxcr.

262 2490 322 2549 quo
344 2468 397 2531 ille
420 2471 572 2529 extinctus
593 2480 646 2532 est.
688 2471 825 2531 Jemvero
847 2472 929 2550 quod
950 2471 981 2532 S.
997 2471 1160 2547 Maximus,
1191 2471 1316 2551 perinde
1336 2491 1376 2530 ac

262 2562 370 2614 auctor
392 2553 542 2613 Paschalis
567 2553 723 2632 Chronici,
755 2557 876 2635 cyclum
901 2577 1022 2617 uxxxrr.
1048 2576 1193 2616 annorum
1218 2557 1375 2632 admittat3

260 2648 416 2717 receptum
432 2659 468 2697 ea
486 2648 662 2719 tempestate
676 2640 756 2721 apud
771 2642 902 2702 Graecus
924 2642 996 2702 satia
1014 2641 1085 2703 inde
1101 2641 1268 2718 evincitur,
1290 2640 1376 2719 quod

263 2723 354 2784 etiam
375 2723 506 2784 advertit
518 2723 694 2790 Bucherius.
736 2726 851 2788 Deinde
866 2728 892 2787 si
904 2730 932 2790 S.
948 2726 1095 2787 Maximus
1107 2736 1213 2787 auctor
1227 2736 1305 2787 esset
1318 2728 1375 2785 Pa-

262 2807 374 2869 schalis
395 2808 552 2885 Chronici,
573 2812 675 2889 ejusce
696 2812 797 2891 operia
817 2834 834 2871 a
851 2834 883 2873 ae
905 2813 979 2873 editi
1005 2813 1186 2873 meminisset
1200 2812 1325 2895 indubie
1340 2811 1374 2870 iu

262 2903 405 2974 computo
429 2895 658 2974 Ecclesiastico,
697 2917 786 2976 quem
807 2918 885 2958 anno
906 2900 1027 2960 demum
1052 2898 1183 2959 Heraclii
1199 2920 1285 2961 xxxa.
1301 2898 1374 2957 con.

261 2980 375 3039 sectum
398 2989 535 3059 testatur.
578 2982 637 3041 Sed
659 3003 694 3042 ea
713 2982 842 3062 ipsamet
863 2993 1057 3064 tempestate,
1086 2984 1118 3044 id
1145 2994 1189 3045 est
1206 2984 1376 3065 imperante

262 3063 412 3140 Heraclio,
433 3065 561 3126 loannes
575 3065 759 3148 Philoponus
775 3068 1008 3148 disputationem
1024 3069 1062 3129 de
1073 3068 1218 3129 Paschste
1231 3069 1376 3146 instituit,

263 3150 316 3228 qui
333 3150 438 3210 eadem
452 3153 568 3211 ratione
582 3163 689 3213 auctor
704 3153 846 3214 Chronici
861 3154 922 3213 dici
935 3156 1079 3234 potuerit,
1101 3176 1161 3234 qua
1176 3155 1301 3229 scilicet,
1323 3153 1376 3213 de·
1473 3154 1474 3173 l

263 3234 341 3293 cirua
356 3237 444 3295 tertie
458 3237 560 3297 Lunae
582 3238 681 3318 pridie
696 3239 812 3318 Legalis
831 3239 983 3301 Paschatis
997 3240 1154 3318 mysticam
1169 3242 1287 3300 Domini
1302 3257 1376 3298 coe-

262 3339 347 3396 nam,
367 3341 467 3400 usque
486 3321 637 3383 Christum
654 3334 729 3383 tunc
746 3345 815 3384 cum
829 3325 990 3406 Discipulia
1004 3344 1110 3403 agnum
1124 3326 1290 3384 comedisse
1303 3343 1377 3404 pro.
1473 3334 1474 3343 ¹

263 3404 331 3464 bat:
354 3425 423 3465 cum
442 3417 541 3468 essent
558 3411 708 3486 nonnulli,
731 3409 784 3489 qui
803 3411 908 3486 simul,
927 3410 1027 3487 inquit
1045 3412 1120 3488 ille,
1133 3420 1198 3470 tum
1212 3420 1376 3488 utrumque

265 3490 425 3568 contigisse
439 3495 669 3571 contenderent,
694 3497 783 3576 itaut
797 3498 937 3556 nimirum
955 3494 1091 3555 Christus
1107 3496 1237 3576 primum
1253 3494 1376 3574 quidem
1473 3540 1474 3559 .

261 3574 358 3652 legale
375 3576 488 3636 Pascha
512 3578 736 3659 adimpleverit,
759 3577 947 3663 (Quoniam,
971 3580 1026 3654 ait,
1049 3603 1107 3640 non
1127 3583 1193 3641 veni
1211 3578 1321 3640 solvere
1335 3576 1375 3639 le·

261 3682 342 3740 gem,
373 3658 426 3719 ssd
446 3660 608 3743 adimplere
622 3661 678 3749 ὓ))
707 3665 780 3724 buic
801 3676 901 3727 nutem
922 3686 1028 3726 verum
1044 3666 1144 3726 statim
1168 3676 1199 3726 et
1215 3667 1375 3744 mysticum

266 3743 473 3824 subjunxerit,
491 3748 578 3827 cujus
600 3749 678 3808 illud
695 3761 759 3811 erat
772 3760 874 3831 typus.
920 3751 1012 3825 Quod
1026 3752 1146 3831 quidem
1164 3752 1378 3829 Argumentum

264 3828 354 3906 longe
375 3840 443 3891 ante
464 3831 665 3913 Philopouum
687 3838 817 3915 aggressi
844 3838 966 3898 lucrant
984 3837 1170 3917 Hippolytus
1193 3836 1376 3907 Portuensis,

265 3933 300 3972 eo
315 3913 346 3973 iu
366 3936 457 3995 opere
474 3918 525 3977 cui
540 3919 661 3978 titulum
677 3921 833 4000 praefixit,
863 3926 917 3985 Οτι
929 3921 949 3985 d
962 3917 1077 4003 Κύριος
1091 3921 1125 3984 ἐν
1144 3913 1170 3983 ol
1186 3920 1301 3994 tasas,
1321 3916 1375 3978 ro'v

264 3996 389 4063 sunsaiv
411 3995 469 4064 ov'u
489 4002 618 4086 ἔφαγεν,
641 4005 831 4086 apollinaris·
843 4006 1086 4087 Hierapolitanua
1100 3983 1282 4084 Episcopus,
1305 4003 1376 4061 Cle·

300 4284 310 4317 ¹
350 4285 423 4338 Part.
441 4302 462 4340 1.
479 4304 503 4340 c.
521 4289 563 4343 17.
580 4292 623 4347 ³2

299 4353 313 4385 ¹
352 4354 447 4410 Manu.
466 4377 493 4412 v·
510 4360 554 4413 17.
