2992 4894
261 318 313 394 ρο
663 304 972 375 russonum.

260 477 402 570 χηκὸσιν,
428 478 535 557 καθώς
552 480 754 562 σεσημείωται.
797 480 833 541 ld
844 488 913 558 -est,
926 478 1027 541 ‘Aeno
1036 499 1071 559 Ιῐ.
1084 475 1206 561 Imperii
1218 478 1369 545 Alemone

263 571 312 632 dri
327 569 515 650 Imperatoris
524 566 621 650 suctu
643 582 685 626 est
705 587 768 628 xiv.
786 563 920 628 Paschae
941 562 1046 625 Idibus
1058 561 1193 644 Aprilis,
1216 564 1366 645 Sublato,

261 678 328 719 cum
349 655 455 713 mensis
476 650 693 712 Embolimoeus
706 650 828 738 fulsum.
881 647 1076 732 Sequentidus
1094 651 1183 717 onnia
1205 653 1366 732 continget,

261 743 339 802 sicut
361 740 393 798 in
417 734 520 797 tabula
539 736 699 818 subjectum
719 752 776 813 est,
797 738 829 795 in
849 736 1014 817 praeteritis
1030 749 1125 793 cutem
1149 738 1255 808 euenit,
1285 738 1368 796 sicut

260 823 425 885 indicatum
440 836 490 884 est.
532 823 580 882 Ex
600 820 708 901 quibus
731 820 851 881 coniicit
868 818 1002 897 Sciliger
1022 818 1194 899 promittere
1217 819 1368 901 Hippoly-

261 921 327 970 tum
339 907 434 967 hocce
446 908 597 979 lemmate,
622 927 681 966 uon
700 908 797 967 solum
809 906 842 963 in
862 905 1018 982 luiturum,¹
1038 903 1092 976 sed
1109 904 1197 963 etism
1212 907 1368 986 inperpe-

259 1005 345 1055 tuum
356 992 484 1052 Canonis
507 992 715 1052 constentiam.
758 990 815 1050 Sed
833 990 921 1067 louge
942 986 1015 1067 alia,
1037 990 1097 1051 nisi
1112 982 1178 1069 ipse
1192 990 1295 1067 fallar,
1316 1013 1368 1051 so-

259 1090 332 1140 nant
352 1078 462 1137 haecce
484 1079 586 1137 verba.
636 1077 730 1157 Operi
750 1077 809 1156 ipsi
830 1076 942 1156 quippe
963 1076 997 1134 in
1015 1075 1143 1133 Canonis
1167 1095 1221 1135 seu
1242 1077 1368 1154 regulae

259 1163 410 1225 Paschalis
434 1163 519 1241 Cycli
545 1162 695 1245 specimen
726 1163 847 1241 subdito
872 1160 966 1221 hocce
990 1160 1153 1237 laterculo,
1182 1161 1305 1221 eandem
1331 1162 1366 1221 in

259 1259 418 1331 posterum
446 1248 662 1309 observandam
688 1249 821 1325 regulam
842 1247 899 1324 ait,
930 1267 1007 1326 quae
1035 1246 1072 1304 in·
1090 1247 1258 1325 praeteritis
1279 1247 1366 1306 annis

258 1337 357 1395 luerat
371 1334 535 1396 observata.
577 1335 663 1397 Unde
684 1334 823 1410 colligere
842 1332 948 1392 liceret
965 1332 998 1390 in
1018 1333 1157 1393 universe
1183 1335 1273 1391 totius
1290 1350 1365 1413 ope-

259 1421 302 1480 ris
323 1419 452 1479 decursu
474 1439 536 1478 non
561 1419 652 1477 modo
672 1439 720 1478 res
740 1417 914 1497 praeteritas
936 1437 975 1476 ex
991 1426 1160 1495 temporum
1175 1418 1292 1477 ratione
1313 1418 1367 1477 de

207 1486 210 1507 ³
258 1505 427 1587 scripsisse,
461 1503 512 1564 sed
541 1504 668 1564 subinde
699 1504 786 1563 etiam
805 1502 991 1562 Paschalium
1013 1502 1207 1561 festivitatum
1229 1504 1367 1582 tempora

257 1574 300 1649 ‘ad
313 1597 446 1649 suosmet
469 1588 644 1670 expendisse
660 1590 807 1648 Causnes:
830 1589 911 1667 quod
931 1608 1056 1668 prorsus
1078 1588 1156 1647 velle
1170 1587 1292 1648 videtur
1304 1589 1369 1647 En-

260 1674 377 1751 sebius,
406 1674 540 1734 scribens
571 1674 656 1754 operi
683 1674 721 1732 de
741 1672 887 1734 Paschate
913 1692 971 1753 per
998 1683 1150 1751 tempora,
1178 1693 1232 1732 seu
1260 1673 1368 1733 ordine

260 1758 472 1837 chronologico
507 1760 639 1838 digesto,
676 1759 851 1839 adjunctum
884 1759 975 1818 inisse
1006 1756 1178 1816 Paschalem
1206 1759 1368 1819 Canonem.

259 1845 345 1905 Licet
360 1847 438 1906 enim
457 1843 520 1925 ejus
542 1864 685 1904 canonem
703 1842 881 1920 habeamus,
895 1843 1002 1922 inquit
1021 1843 1104 1905 V.'C.
1119 1843 1211 1905 Henr.
1224 1844 1368 1905 Dodrrel-

255 1927 367 2009 luel),
387 1929 480 2010 periit
493 1940 593 1990 temen
605 1930 682 1991 liber
697 1950 785 2009 quem
801 1931 921 2009 scripsit
932 1929 971 1989 de
985 1929 1114 1990 Canone.

92 2102 259 2159 DePsschsli
342 2099 411 2160 XV.
452 2099 512 2159 Sed
534 2122 573 2160 an
593 2121 669 2181 opus
693 2098 955 2181 istud-Hippolyti
983 2097 1062 2158 idem
1087 2098 1126 2158 sit
1148 2099 1230 2177 quod
1249 2099 1288 2159 de
1307 2099 1368 2157 Pa·

92 2174 230 2257 Hippolyti
260 2183 362 2244 schate
379 2185 550 2264 inscripsit,
576 2189 658 2266 quod
678 2187 744 2246 vult
758 2187 909 2262 Valesius,
931 2184 1167 2260 dubiumfacit,
1197 2183 1281 2262 quod
1304 2185 1367 2242 Eu:

94 2243 356 2330 ¹³⁰¹W0¹¹⁵¹⁸uebius
381 2278 411 2331 et
436 2270 636 2351 Hieronymus
656 2281 727 2352 post
750 2272 931 2332 recensitum
951 2269 1027 2328 illud
1049 2268 1087 2327 de
1112 2267 1257 2345 Paschate
1277 2264 1366 2351 opu's,

254 2355 286 2413 in
309 2375 370 2434 quo
393 2355 539 2435 rationem
570 2366 741 2438 temporum
765 2359 805 2417 ad
834 2355 996 2416 Alexandri
1019 2354 1210 2434 Imperatoris
1240 2363 1366 2414 aetatem

255 2440 446 2521 perduxerit,
469 2440 552 2499 aliud
565 2462 686 2502 rursum
704 2442 741 2500 de
760 2440 904 2501 Paschete
926 2449 1121 2498 recenseant:
1145 2437 1225 2516 quod
1241 2440 1365 2519 quidem

255 2526 288 2584 in
303 2522 438 2604 praefixo
458 2524 566 2583 huicce
590 2525 673 2604 quod
694 2526 868 2584 recudimus
886 2523 1021 2584 Paschali
1042 2533 1244 2603 syntagmate,
1272 2535 1303 2584 et
1325 2524 1364 2584 ab

256 2609 322 2668 aliis
335 2605 460 2667 subinde
477 2610 673 2688 scriptoribus
688 2610 840 2671 laudatur.
884 2609 1056 2682 Quinetiam
1072 2608 1148 2669 haec
1174 2610 1267 2668 verba
1289 2630 1366 2689 quae

254 2694 402 2753 laterculo
424 2688 594 2769 hdduntnr,
617 2692 654 2752 de
675 2691 923 2755 demonstratione
943 2709 1104 2775 temporum
1123 2692 1256 2754 Paschae
1274 2708 1367 2776 prout

255 2779 288 2838 in
314 2775 433 2852 tabula,
455 2779 498 2837 ita
523 2780 618 2859 accipi
637 2790 779 2860 possunt,
811 2788 847 2838 ut
868 2780 969 2841 tabula
989 2780 1057 2858 ipsa
1076 2780 1364 2841 demonstrationem

255 2873 424 2942 temporum
438 2863 568 2924 Paschse
581 2865 740 2943 complexa
757 2865 867 2941 suerit,
888 2865 1074 2945 proindeque
1094 2866 1159 2944 ipsa
1173 2864 1365 2925 demonstra-

254 2949 297 3007 tio
313 2957 342 3007 et
357 2947 459 3006 tabula
483 2968 576 3008 unum
595 2950 737 3026 idemque
753 2951 927 3025 extiterint,
951 2971 987 3009 ac
1010 2950 1113 3009 tabula
1136 2950 1279 3030 adjuncta
1300 2952 1365 3010 fue

254 3034 296 3092 rit
321 3032 486 3110 Chronico,
509 3034 595 3114 cujus
621 3035 723 3114 paullo
748 3046 815 3096 ante
837 3036 971 3095 meminit
991 3036 1168 3112 laterculus,
1185 3034 1275 3107 hisce
1296 3056 1364 3096 ver·

255 3118 319 3176 bis:
351 3121 511 3195 Χρονικῶν
530 3117 607 3201 πρὸς
634 3125 789 3200 Meroe,
815 3121 866 3183 nul
891 3117 965 3198 πρὸς
987 3115 1144 3183 Πλάτωνα.
1193 3121 1364 3181 lta'tumen

254 3212 289 3262 ut
304 3201 452 3261 incertum
472 3204 528 3279 sit,
550 3225 593 3264 an‘
608 3202 684 3285 node
703 3210 858 3285 Ελληνας,
879 3206 986 3266 referri
1008 3205 1118 3267 debeat
1139 3205 1178 3264 ad
1191 3205 1363 3266 Chroniccn

254 3286 337 3366 quod
358 3288 540 3370 Hippolytus
567 3291 792 3370 conscripserit,
821 3291 888 3351 aevi
916 3292 973 3371 sui
989 3311 1102 3350 morem
1133 3301 1268 3368 secutus,
1300 3310 1361 3372 quo

253 3373 352 3431 Sancti
365 3376 467 3433 Patres
484 3375 647 3434 Gentilium
664 3375 778 3455 objecta
801 3397 836 3436 eo
855 3375 1025 3456 scriptionis
1041 3396 1146 3454 genere
1161 3379 1361 3454 confutarent,

254 3458 306 3534 qui
326 3459 478 3536 religionis
492 3459 676 3521 Christianae
698 3463 917 3541 antiquitatem,
941 3482 1030 3540 quam
1050 3461 1108 3540 ipsi
1128 3460 1246 3539 Ethnici
1266 3463 1362 3543 jacte-

166 3551 189 3604 P
206 3551 240 3606 12
255 3542 345 3618 bant,
366 3552 402 3601 ut
424 3554 468 3603 est
491 3546 573 3626 epod
591 3547 715 3605 Paulum
732 3547 874 3619 Orosium
885 3546 936 3622 ²),
965 3556 1000 3605 ut
1021 3547 1119 3605 fictam
1136 3544 1296 3608 traducere
1311 3568 1361 3625 so-

228 3705 232 3711 f
251 3628 368 3704 lebant,
395 3639 514 3709 sumpto
531 3632 667 3690 emundi
689 3633 814 3691 exordio
839 3632 878 3691 ad
899 3652 952 3690 sua
974 3651 1070 3711 usquc
1085 3642 1220 3712 tempera
1233 3632 1362 3711 antiqui-

254 3720 330 3771 tates
353 3732 451 3795 sacras
478 3717 664 3791 asserebant,
693 3717 766 3777 dum
787 3718 905 3776 interim
923 3726 1018 3776 totam
1040 3718 1170 3795 gentium
1195 3717 1361 3797 Chronolo-

254 3799 347 3871 giem,
368 3799 419 3855 vel
435 3798 589 3879 μυθικήν,
609 3803 659 3861 vel
673 3802 833 3881 incertam,
855 3822 894 3861 ac>
909 3804 1002 3862 ferum
1022 3818 1167 3882 nuperum
1185 3823 1248 3863 esse
1263 3813 1360 3863 osten·

254 3880 375 3940 derent:
400 3882 560 3945 Christiani
576 3906 647 3946 vero
668 3907 751 3947 suum
767 3909 783 3946 o
798 3887 917 3948 ludaeis
932 3930 942 3963 ,
965 3897 1055 3965 utque
1072 3888 1188 3967 abipso
1204 3886 1303 3962 Mose,
1325 3907 1360 3945 ac

253 3966 381 4045 proinde
395 3989 412 4026 a
427 3970 531 4029 mundi
545 3971 670 4034 conditu
681 3982 861 4053 repeterent.
904 3973 974 4046 Quo
994 3973 1072 4032 forte
1088 3974 1234 4052 spectavit
1245 3973 1360 4052 pariter

286 4264 320 4401 :i
335 4265 400 4391 iii.
412 4267 513 4408 {zeus
529 4340 573 4397 26·
