3016 4898
510 330 710 409 umonln
733 338 962 410 Fascianus,
1210 338 1285 417 219

181 510 251 571 dies
264 530 325 590 quo
340 511 423 569 Luna
437 508 607 569 invenietur
618 529 682 570 xiv.
725 511 776 568 Sin
791 510 865 569 vero
884 509 1028 569 collectae
1043 510 1143 569 Lunae
1155 509 1287 589 Epactae

182 617 254 655 cum
275 595 429 655 additione
450 595 623 674 supradicta
650 616 805 655 numerum
833 595 1060 676 complementi,
1097 615 1158 675 quo
1187 595 1287 656 delicit

181 702 270 741 κων.
291 681 462 762 relinquant
482 701 583 740 menae
604 684 764 761 majorem,
798 681 905 741 demtis
926 701 1014 741 xxxi.
1037 681 1187 761 reliquum
1209 681 1286 741 scies

182 787 344 827 numerum
367 787 432 827 eeae
453 766 564 845 Aprilis
586 785 648 845 quo
669 768 753 827 huna
774 786 841 826 xsv.
862 766 1041 826 invenienda
1060 767 1110 827 ait.
1148 767 1239 841 Quod
1260 765 1286 826 si

183 852 260 912 anni
284 853 320 912 ab
343 871 411 912 v111.
433 851 602 911 Indictione
623 852 760 913 Mauricii
780 852 886 912 beatae
906 851 1084 928 memoriae,
1106 872 1287 932 pernover-

184 938 285 997 decim
307 957 455 998 annorum
477 937 585 1017 Cyclas
609 935 697 1000 divisi
721 937 799 998 nihil
819 937 931 998 iaciant
950 939 1116 1023 reliquum,
1138 937 1192 998 aed
1213 958 1289 1017 pos·

184 1023 248 1082 sint
271 1044 373 1084 omnes
390 1025 423 1082 in
445 1043 533 1103 pares
555 1023 663 1102 Cyclas
684 1023 813 1097 res'olvi3
850 1022 949 1087 nullas
971 1043 1066 1083 annus
1087 1023 1144 1082 iste
1163 1021 1289 1083 habebit

184 1111 326 1189 Epactas.
369 1109 500 1171 Proinde
530 1109 627 1168 solum
658 1120 848 1175 octonarium
876 1108 1004 1190 accipies
1032 1107 1154 1191 Bpactls
1176 1109 1289 1184 tasas,

184 1216 243 1274 per
264 1205 441 1275 perpetuam
461 1196 610 1273 regulam,
631 1194 818 1275 addendum,
848 1204 879 1255 et
903 1216 963 1274 quo
985 1205 1145 1276 superatur
1166 1214 1183 1253 a
1203 1214 1287 1257 mv.

184 1300 350 1341 numerum
372 1281 560 1357 observabis,
581 1300 688 1341 verum
713 1279 872 1343 subductis
893 1300 981 1342 xxxi.
999 1301 1094 1360 eoque
1110 1280 1159 1340 die
1175 1281 1291 1338 Lunam

64 1367 73 1375 ’
186 1364 271 1425 dices
291 1386 358 1427 nv.
401 1366 477 1427 (lum
506 1367 586 1427 enim
614 1368 736 1448 Epactis
761 1369 814 1428 illa
842 1378 944 1428 careat
969 1367 1113 1443 Indictis,
1145 1364 1291 1429 habemus

185 1461 289 1512 tamen
312 1473 469 1512 numerum
491 1453 676 1513 octonarium
699 1454 821 1534 Epaetis
843 1451 1061 1533 adjiciendum,
1085 1451 1171 1533 cujus
1193 1460 1224 1511 et
1243 1470 1291 1509 re-

186 1537 308 1615 liquum
330 1538 492 1617 accipimus
521 1539 573 1618 qui
604 1538 631 1598 ei
654 1540 738 1601 deest
763 1539 802 1598 ad
823 1560 909 1600 mv.
939 1549 1042 1619 eatque
1072 1539 1125 1599 ille
1154 1538 1291 1615 reliquus

186 1643 299 1682 xxxvr.
343 1624 505 1683 Subductis
524 1626 626 1703 itaque
648 1622 706 1703 (uti
727 1625 786 1705 jam
810 1626 949 1705 superius
974 1625 1116 1701 diximus)
1138 1643 1226 1682 xxxr.
1241 1641 1293 1681 re·

186 1717 272 1767 etant
294 1729 322 1768 v.
346 1730 383 1769 ex
406 1731 466 1787 quo
488 1710 650 1785 discimus,
687 1712 804 1790 quoties
829 1712 964 1771 occurrit
984 1710 1132 1785 Indictio,
1169 1706 1295 1788 Epactia

189 1794 353 1871 destituta,
377 1797 512 1874 quintum
534 1795 646 1879 Aprilis
669 1798 769 1855 Lunae
792 1815 855 1856 ease
877 1814 941 1856 xiv.

278 1880 346 1952 Qua
368 1891 467 1943 autem
483 1883 671 1962 septimanae
693 1882 765 1941 feria
786 1883 871 1941 launa
891 1881 944 1940 illa
954 1899 1021 1942 xrv.
1035 1877 1216 1950 inveniatur,
1238 1890 1294 1936 seu

187 1967 224 2024 in
246 1984 374 2026 mensem
396 1967 557 2045 Martium,
591 1987 644 2028 seu
664 1968 766 2047 potius
784 1967 815 2027 in
835 1967 969 2049 Aprilem
993 1964 1129 2025 fortassis
1150 1963 1295 2022 incurre-

187 2054 250 2126 rit,
272 2049 332 2109 hoo
353 2049 445 2111 modo
466 2053 688 2132 investigamus.
733 2054 796 2114 Diei
817 2054 942 2128 mensis,
966 2073 1026 2131 quo
1052 2052 1135 2109 Luna
1156 2056 1221 2108 ΣΝ.
1242 2047 1292 2105 in·

187 2145 283 2196 venta
305 2148 368 2215 eat,
389 2140 517 2217 Epactae
538 2140 617 2198 Solis
639 2139 801 2199 addendae.
844 2139 975 2221 Epactae
995 2137 1073 2198 Solia
1094 2137 1154 2217 jam
1167 2155 1198 2193 v.
1213 2142 1293 2209 sunt,

191 2224 276 2281 Luna
297 2232 395 2284 autem
416 2245 480 2287 x1v.
506 2227 537 2284 in
560 2225 658 2285 Martii
679 2225 786 2284 incidit
805 2245 874 2285 xxr.
902 2244 963 2304 quo
985 2223 1053 2304 ipso
1075 2222 1125 2280 die
1151 2240 1214 2280 eam
1236 2219 1294 2279 ha-

189 2308 245 2367 bet
274 2317 399 2368 aetatem
428 2311 519 2369 Luna.
571 2312 621 2368 Sic
649 2310 724 2370 fient
751 2330 874 2369 numero
901 2328 987 2369 xm.
1039 2311 1164 2387 Semper
1193 2315 1293 2365 autem

190 2393 323 2472 (quoties
344 2395 377 2453 in
397 2395 537 2456 Martium
559 2397 639 2456 cadit
661 2396 746 2455 luna
763 2400 839 2475 inv.)
860 2391 1015 2477 (quatuor)
1033 2393 1186 2467 addenda,
1202 2391 1295 2449 lient-

192 2498 271 2561 que,
287 2490 389 2539 nostra
411 2482 579 2542 lndictione
600 2504 644 2542 xi.
665 2502 741 2541 xxx.
784 2481 875 2555 Quod
897 2482 923 2541 si
944 2482 977 2539 in·
998 2479 1132 2561 Aprilem
1154 2499 1188 2537 ea
1210 2474 1297 2534 buna

190 2585 259 2624 xm.
281 2565 436 2643 inciderit,
459 2577 590 2646 quatuor
611 2568 749 2627 addenda
771 2588 832 2626 non
854 2579 932 2626 aunt.
962 2568 1041 2644 Ergo
1064 2580 1207 2624 numerus
1223 2558 1299 2621 inde

193 2648 344 2711 conflatus
372 2672 428 2732 per
456 2663 577 2733 septena
609 2652 801 2715 dividendus,
844 2654 889 2713 Ita
914 2654 976 2736 jam
1005 2656 1112 2731 quater
1138 2668 1194 2710 vu.
1220 2646 1299 2707 fiunt

193 2754 308 2797 axum.
352 2739 495 2816 Reliquae
518 2749 589 2798 sunt
611 2760 717 2799 exxx.
740 2740 817 2799 duae
832 2739 911 2816 dies,
940 2739 974 2797 id
996 2756 1104 2817 nempe
1131 2734 1300 2795 indicantes

194 2822 360 2882 secundam
383 2844 445 2883 ease
467 2826 655 2905 Septimanca
685 2825 898 2887 seriamdiem
928 2823 1010 2883 illam
1039 2820 1139 2883 Martii
1160 2841 1227 2880 m.
1250 2814 1301 2877 cui

196 2910 355 2968 concurrit
376 2911 459 2967 Luna
481 2931 545 2975 xsv.
590 2914 664 2970 Cum
687 2912 789 2990 itaque
811 2910 875 2970 dies
896 2910 998 2970 Martii
1017 2930 1082 2970 xxi.
1105 2906 1239 2967 secunda
1262 2902 1302 2963 sit

197 2994 388 3072 Septimianae
409 2994 502 3070 seria,
524 2997 647 3076 reliquis
669 3007 823 3077 praeterea
845 2996 882 3055 ad
906 2996 1092 3056 llominicam
1113 3013 1209 3073 usque
1235 2990 1303 3050 die-

197 3079 256 3137 bus
278 3079 402 3151 additis,
433 3081 532 3141 Martii
553 3104 652 3142 xxvu.
680 3085 851 3141 invenietur
873 3092 976 3142 sancta
999 3092 1028 3140 et
1049 3080 1168 3142 vivifica
1191 3079 1304 3136 Resur-

197 3165 341 3224 rectionis
366 3165 428 3225 diea
458 3187 515 3246 pro
542 3166 711 3226 Indictione
739 3189 781 3226 11.
840 3168 887 3227 ad
916 3167 1041 3227 eundem
1068 3165 1215 3238 modum,
1244 3179 1302 3239 pro

200 3269 383 3330 quocunque
410 3270 489 3311 anno
517 3252 619 3313 eadem
653 3272 738 3312 sacra
770 3262 800 3312 et
829 3252 949 3312 vivifica
972 3253 1035 3311 dies
1063 3244 1305 3309 Resurrectionie

201 3336 323 3394 Domini
344 3337 439 3398 nostri
468 3346 499 3397 et
519 3338 586 3397 veri
608 3338 661 3397 Dei
682 3338 872 3417 cupientibus
894 3341 1078 3412 innotescet,
1100 3332 1205 3411 siquis
1220 3329 1306 3403 velit,

200 3440 259 3501 pro
284 3423 409 3500 singulis
437 3422 659 3484 Indictionibua
691 3424 728 3482 ab
757 3423 926 3483 Indictioue
961 3422 1058 3482 nostri
1093 3421 1155 3476 lleo
1183 3414 1307 3493 auspice

200 3508 319 3585 imperii
342 3526 436 3567 unum
458 3528 577 3589 semper
599 3529 709 3568 annum
733 3508 880 3587 adjicere,
911 3507 950 3566 ad
971 3503 1154 3582 indagandas
1177 3502 1308 3581 Epactaa

202 3593 298 3667 Solia,
326 3603 356 3652 et
378 3594 416 3652 ab
438 3604 546 3654 octava
567 3595 706 3653 Mauricii
725 3594 832 3653 beatae
854 3593 1016 3653 memoriae
1038 3589 1215 3662 indictione,
1239 3604 1325 3645 mer

201 3677 298 3738 thado
320 3679 471 3760 praedicta
492 3681 657 3760 procedere
680 3680 717 3739 ad
739 3681 840 3739 Lunae
863 3681 989 3760 Epactaa
1019 3676 1157 3737 similiter
1178 3672 1309 3732 investi-

202 3763 324 3840 gandas.
370 3765 410 3822 lta
439 3766 626 3826 inveniemus
656 3765 807 3824 vivificam
837 3764 949 3825 Christi
978 3764 1075 3823 nostri
1098 3757 1309 3820 Resurrectio-

203 3868 289 3924 nem,
313 3868 370 3930 pro
392 3846 566 3928 Apostolioa
596 3853 774 3911 Sanctorum
805 3852 926 3910 Petrum
955 3849 1115 3909 traditione
1146 3845 1310 3916 celebrare,

202 3935 293 4010 laeti,
329 3944 360 3993 et
387 3955 500 3996 summa
529 3936 623 4016 gloria
656 3937 820 3999 efferentes,
840 3936 1060 3997 sanctissimum
1088 3932 1167 3993 illius
1190 3947 1310 4003 nomen,

205 4034 274 4078 cum
295 4020 431 4097 ingenito
455 4023 557 4098 Patre,
595 4032 624 4081 et
644 4022 767 4083 vivifico
790 4024 924 4105 Spiritu,
956 4029 1091 4082 nuncet
1115 4036 1250 4098 semper,
1280 4020 1312 4072 et

201 4103 236 4163 in
257 4105 360 4166 secula
381 4107 563 4171 seculorum.
591 4110 694 4168 Amen.

646 4339 853 4349 ..ιιι-..ἡ-
