2992 4894
543 246 856 321 rnsursrtu
1000 208 1005 218 ’
1210 257 1259 335 15

140 427 212 506 bri,
232 446 313 509 quse
327 444 393 504 ses,
414 422 514 507 iuquit
531 424 676 487 ¹Petreius
688 424 742 507 ¹),
764 434 797 489 et
815 423 1004 489 ebrorn‘oum
1019 425 1120 509 speum
1137 440 1260 494 eontnr·

141 515 217 590 bat,
239 524 270 574 et
284 511 414 581 ‚lectoris
436 512 597 574 confundit
617 513 778 593 ingenium.
820 512 925 593 Neque
945 513 1066 575 aliunde
1080 516 1162 575 Fasti
1182 517 1259 579 Con·

142 602 262 662 salares
283 593 435 680 'exscsipti
458 607 547 677 sunt,
572 619 640 660 cnm
660 600 692 659 in
710 597 905 661 Pssebalibus
925 598 948 658 ii
970 599 1100 662 describi
1116 603 1260 667 solerent.

141 696 181 747 ut
192 686 271 747 infra
287 685 496 747 observamus.
537 686 589 745 Sic
601 704 696 766 porro
712 687 835 746 Latinos
849 683 1002 745 Paschalis
1024 707 1078 747 sus
1091 689 1258 753 coniecisse

142 774 325 855 palamst,
349 793 387 831 ex
403 771 526 831 Tabulis
547 792 621 850 quas
636 771 737 832 Cereis
755 768 950 833 Pasobalibus
973 773 1144 852 appendere
1158 777 1259 840 solent
1350 828 1355 837 .

142 859 284 938 singulae
300 858 351 918 rel
368 857 506 921 civitates
524 858 574 917 vel
595 856 746 919 dioeceses
757 853 810 943 ²),
832 859 865 917 in
885 857 996 937 quibus
1010 858 1173 939 singularia
1188 864 1258 937 ists,

140 965 227 1025 queo
243 943 311 1003 illae
324 952 478 1024 spectant,
499 944 638 1003 annotari
651 944 758 1007 solent.
802 944 963 1004 Enimvero
980 954 1010 1004 et
1023 937 1053 1004 si
1062 967 1126 1005 reus
1142 956 1178 1007 ut
1192 969 1210 1007 a
1225 969 1259 1010 se

102 1063 113 1072 ·
143 1034 241 1092 visam
258 1030 417 1091 interdum
435 1039 553 1089 enarret
571 1030 650 1090 idem
671 1031 820 1111 scriptor,
849 1032 898 1090 rel
919 1031 947 1089 ei
966 1040 1066 1108 gestae
1088 1031 1259 1094 interfuisse

144 1118 337 1196 aliquatenus
358 1113 460 1194 aelligi
479 1115 621 1176 videatur
640 1134 730 1196 posse
753 1136 791 1175 ex
819 1114 882 1196 ejus
902 1116 1041 1195 seriptis,
1070 1118 1169 1179 veluti
1189 1138 1259 1179 cuer

142 1198 371 1263 Melchisedech
384 1211 413 1261 et
427 1201 593 1261 Hieremiae
607 1199 702 1280 elogia
723 1201 915 1282 perstringit,
937 1222 1024 1262 nemo
1037 1203 1158 1281 ignorat
1177 1203 1259 1285 ejus·

142 1288 233 1350 modi
251 1286 468 1347 chronicorum
497 1286 701 1364 confectores,
729 1288 804 1349 dnm
824 1307 878 1348 sua
899 1308 939 1348 ex
960 1288 1064 1348 alienis
1081 1291 1257 1368 resarciunt,

144 1373 329 1454 scriptorum
351 1373 446 1433 verba
466 1373 600 1452 integra,
628 1375 712 1433 nullo
734 1372 838 1433 habito
860 1373 995 1450 delectu,
1017 1374 1167 1452 inserere,
1188 1397 1259 1437 curn

144 1477 226 1540 quse
242 1459 279 1518 eb
292 1458 355 1518 illis
368 1459 433 1519 risa
448 1469 533 1535 sunt,
554 1460 605 1519 rel
619 1479 724 1520 eorum
736 1467 860 1541 perecta
874 1468 971 1522 aetate
983 1471 1156 1537 recensent,
1175 1462 1260 1541 qussi

144 1564 211 1605 ase
224 1546 306 1620 visa,
328 1545 378 1604 vel
398 1564 452 1604 sus
472 1553 650 1624 tempestate
671 1556 753 1624 gesta
771 1555 922 1606 enarrant
967 1546 1067 1626 Atque
1087 1547 1120 1606 id
1137 1548 1259 1626 potissi-

143 1650 228 1689 mum
242 1631 403 1692 observare
417 1639 463 1690 est
478 1650 515 1689 ex
523 1629 682 1690 Ghronicis
697 1631 819 1710 Georgii
830 1630 974 1711 syncelli,
996 1633 1117 1711 Georgii
1132 1633 1259 1693 Humer-

139 1716 218 1791 toli,
241 1716 398 1796 Symeonis
419 1715 619 1795 Logotbetae,
641 1727 672 1778 et
692 1717 777 1791 aliia3
799 1716 918 1777 tametsi
930 1717 1087 1778 latendum
1102 1718 1159 1795 sit,
1178 1738 1259 1797 quaa

140 1821 207 1881 qno
217 1801 346 1881 ipsimet
354 1804 459 1863 vixere
481 1811 618 1884 tempure
634 1800 808 1882 contigere,
829 1822 892 1863 non
913 1802 952 1862 ab
973 1803 1041 1862 aliis
1059 1804 1259 1883 scriptoribus

141 1889 241 1949 solere
258 1888 407 1965 mutuari,
437 1887 490 1947 sed
511 1909 545 1949 es
568 1908 608 1949 ex
629 1908 683 1949 suo
704 1908 787 1969 pann
805 1908 962 1969 promere,
993 1890 1039 1948 ite
1062 1888 1260 1968 utsiquidem

142 1972 293 2034 Paschalii
315 1974 472 2055 Scriptor,
501 1976 551 2035 vel
574 1985 656 2035 certe
680 1976 879 2036 continuator
900 1974 958 2035 sub
980 1973 1122 2034 Heraclio
1138 1974 1260 2054 vixerit,

140 2061 174 2120 in
188 2059 277 2140 cujus
292 2080 403 2120 annum
423 2059 667 2121 :sm-carmiani
707 2062 879 2140 erducitur,
903 2062 981 2141 ques
999 2080 1054 2121 sua
1072 2069 1184 2138 estete,
1207 2071 1261 2122 sut

139 2144 284 2226 proxim
296 2146 466 2223 contigere,
489 2146 540 2206 vel
558 2166 635 2227 quae
650 2082 764 2207 viderit
770 2192 780 2225 ,
802 2157 856 2207 aut
873 2148 1015 2222 ‘smvuit,
1038 2167 1194 2208 enarrasse
1204 2165 1259 2207 ve·

142 2251 181 2292 ro
196 2231 369 2310 proximum
380 2232 428 2297 sit.
473 2230 585 2291 Verum
600 2252 640 2290 sn
659 2231 739 2292 idern
756 2235 887 2311 scriptor
905 2232 961 2293 snb
976 2232 1118 2299 Heraclio
1135 2232 1259 2306 viruit,

143 2314 307 2391 addubitat
326 2317 446 2377 Gnarus
459 2316 492 2375 in
512 2316 700 2376 Praefationa
726 2317 765 2375 ad
788 2317 910 2395 Georgii
935 2318 1069 2394 syncelli
1089 2317 1259 2377 chronolo-

140 2403 236 2482 giam,
258 2401 345 2481 cnjus
359 2400 518 2462 serbabis
533 2422 700 2482 epponem:
732 2398 900 2461 Chronicon
912 2398 1163 2461 Alexandrinus
1175 2398 1259 2461 baud
1275 2401 1299 2457 V
1315 2404 1332 2459 7

136 2485 249 2550 lectum
275 2484 402 2569 Georgia
421 2484 577 2572 Syncdlo,
607 2508 660 2547 nes
684 2484 792 2548 Plestia
811 2498 1023 2562 memororum,
1044 2487 1154 2544 cautis
1171 2508 1260 2568 pestes

137 2594 257 2634 menon
278 2587 321 2634 eet
337 2570 489 2634 indubiae.
536 2569 627 2652 Quod
642 2574 721 2651 enirn
742 2568 785 2630 ud
800 2567 942 2632 Heraclii
955 2585 1154 2652 tempestatem
1166 2569 1259 2632 bisto-

139 2661 217 2719 rium
228 2660 405 2743 psnfiseutur
417 2656 573 2735 dedecere,
595 2660 731 2718 auctoris
750 2658 903 2739 pusiteret
923 2653 1044 2717 librarii
1057 2658 1257 2716 sesfimonissm
1370 2726 1372 2729 ¹

138 2766 200 2805 esse
211 2759 326 2826 potest,
348 2745 404 2827 qui
421 2765 496 2826 opus
511 2741 645 2804 nondum
657 2741 747 2827 sone
764 2738 934 2802 absolutum
947 2756 1057 2803 ssocnss
1068 2742 1102 2801 in
1113 2737 1258 2802 Heraclii

138 2850 253 2904 cenos,
276 2831 339 2910 ejus
350 2831 449 2912 finem
462 2826 608 2905 incidere,
629 2850 690 2889 noe
703 2841 854 2893 auctorem
867 2828 981 2888 uireim
991 2827 1144 2901 ustntun‘,
1165 2840 1256 2907 prout
1272 2829 1294 2883 P
1312 2833 1331 2887 8

136 2936 201 2977 uon
227 2912 362 2976 obdmils‘
383 2911 525 2998 bysantii
544 2937 644 2991 more,
672 2934 730 2996 quo
760 2914 847 2974 mis
868 2913 1037 2995 quingentis
1062 2913 1256 2994 posteriorem

143 2996 303 3081 Georgium
328 2998 497 3083 syncellum
519 2994 582 3064 sissi
600 2995 692 3078 Aldu
713 2997 798 3081 μέχρι
813 3002 1052 3078 Asselnssusnsi,
1072 2993 1116 3056 ad
1132 2995 1256 3056 Diocle·

139 3085 220 3145 tiusss'
244 3086 394 3166 Principis
418 3082 577 3167 Imperium
600 3081 875 3166 Gbrnsaugrupbiam
901 3084 1089 3146 continuasse
1113 3079 1256 3143 librarius

139 3166 241 3230 noster
257 3173 401 3251 scriptum
416 3172 450 3230 iss
466 3167 554 3231 titulo
570 3167 709 3253 reliquit5
730 3171 867 3254 querereris
885 3171 969 3231 circu
985 3165 1108 3228 dubium
1122 3190 1178 3227 saec
1191 3189 1255 3226 een-

137 3257 263 3316 sensim
279 3277 321 3316 etc
332 3253 479 3315 tribunali
496 3257 707 3338 pronuntiare,
728 3277 782 3316 neo
798 3251 882 3315 litem
897 3275 1011 3315 usonem
1021 3249 1131 3335 placet.
1172 3251 1255 3310 Heo-

136 3349 228 3402 tenus
250 3341 300 3401 vir
320 3340 533 3415 doctissimus,
562 3338 696 3420 mihique
720 3341 796 3401 dum
817 3340 936 3401 vivoeet
964 3337 1096 3400 amicitia
1118 3338 1256 3419 junctus,

137 3427 193 3507 qui
215 3436 373 3486 euemsem
389 3425 541 3495 Psaclsalii
559 3426 701 3508 syncello
723 3436 755 3489 et
775 3423 886 3485 Pbotio
907 3424 1110 3505 posteriorem
1133 3421 1257 3483 videtur

136 3511 213 3573 inde
226 3512 390 3591 colligere,
411 3512 461 3575 vel
485 3521 569 3575 uerte
586 3512 756 3594 conjicere,
777 3509 862 3591 quod
880 3510 919 3570 de
938 3509 992 3570 illo
1014 3528 1142 3590 prersne
1165 3507 1257 3567 eilue-
1380 3577 1384 3581 ¹

137 3597 210 3659 rint.
253 3598 312 3658 Cui
333 3599 459 3679 quilens
478 3598 641 3663 mundae
659 3596 854 3679 conjecturas
881 3593 962 3656 illud
990 3594 1103 3656 addere
1124 3595 1255 3675 poterat,

138 3682 270 3744 suman
285 3681 428 3761 Plotium
441 3685 535 3746 trium
551 3694 712 3746 suetorum
720 3732 731 3762 ,
753 3701 885 3763 querum
900 3682 976 3743 alter
989 3690 1035 3743 est
1051 3678 1255 3754 Metrodorus,

137 3770 202 3830 duo
216 3769 268 3829 alii
280 3779 353 3830 suat
371 3772 531 3851 anonymi,
552 3771 665 3852 seripts
685 3767 885 3832 slePascbate
896 3768 1098 3836 asamsnissa,
1120 3762 1255 3826 auctoris

135 3872 214 3914 vero
225 3854 373 3919 Geronin'
385 3858 482 3918 nostri
493 3877 555 3917 non
565 3857 748 3919 meminisse
790 3853 940 3917 Sedhesc
953 3874 1019 3915 rem
1032 3848 1254 3912 hasnonense

137 3941 290 4020 probent,
312 3961 383 4004 cun
401 3963 459 4005 use
476 3943 577 4004 omnis
600 3943 714 4004 vidisse
736 3943 787 4004 vel
810 3940 919 4022 legisse
938 3937 1081 4000 Photinus
1104 3955 1182 4017 qnae
1199 3953 1253 3994 eus

137 4034 320 4108 tempestate
333 4039 511 4110 supererant
523 4029 680 4092 volumina
693 4049 751 4111 pro
763 4037 847 4090 certo
861 4025 967 4088 haberi
981 4023 1097 4086 debeat.

171 4226 183 4261 ¹
219 4230 280 4285 Lib.
296 4231 323 4286 9.
342 4230 376 4284 sle
392 4227 485 4284 Docte.
499 4233 580 4299 teup.
597 4245 656 4301 cap.
673 4229 700 4285 3.
884 4300 887 4305 Ι

128 4348 132 4361 ,
170 4296 184 4329 '
221 4299 291 4355 Vide
307 4301 397 4355 Gloss.
412 4300 481 4355 med.
497 4299 545 4354 lat.
561 4297 590 4354 iu
605 4298 707 4354 Cereus
722 4295 865 4354 resolata
