3016 4898
241 300 318 375 m
479 295 662 365 sutum
680 294 736 362 AB
762 294 1132 365 utremnorru

720 750 933 841 xxm.

306 936 394 1019 DE
439 940 809 1021 PASGHATE
849 936 1281 1019 JUDAEORUM.

327 1153 400 1213 Post
419 1149 546 1211 biduum
566 1148 681 1210 Pascha
702 1148 778 1224 flet,
806 1147 842 1209 id
862 1158 934 1226 ast,
959 1168 1126 1228 congruum
1149 1148 1207 1210 tuit
1231 1146 1349 1209 Pascha

241 1238 423 1299 ludaeorum
444 1239 478 1297 iu
497 1236 703 1314 aequinoctio,
725 1234 758 1296 id
779 1241 842 1310 ost,
870 1235 904 1295 in
922 1255 978 1297 ιιι.
998 1235 1126 1296 Kalend.
1146 1234 1281 1317 Aprilh5
1310 1243 1351 1294 nt

242 1324 275 1384 in
296 1322 487 1403 aequmoctio
508 1321 690 1397 novissimo,
724 1320 829 1380 mundi
854 1320 1011 1382 renovatio
1036 1331 1067 1382 ot
1094 1320 1264 1402 redemptio
1289 1340 1350 1401 per

243 1417 347 1473 metm
368 1407 497 1482 Christi3
520 1408 590 1486 quia
611 1409 643 1471 in
661 1406 848 1484 aequinoctio
866 1408 970 1468 muudi
983 1408 1042 1469 fait
1060 1407 1204 1467 contritio
1216 1416 1248 1468 et
1263 1426 1349 1465 com·
1385 1412 1391 1423 '

244 1495 374 1575 positio,
393 1514 430 1553 ue
452 1492 556 1572 dispar
576 1492 633 1553 sibi
653 1492 782 1552 invicem
803 1493 890 1553 ficret
903 1504 1031 1572 utraque
1048 1492 1200 1554 formatio.
1230 1491 1348 1553 lloinda

245 1581 349 1640 eadem
380 1578 536 1657 longitudo
566 1579 646 1639 facta
669 1587 774 1638 estex
796 1582 932 1658 potentia
955 1580 1010 1640 Dei
1030 1581 1128 1639 tribus
1150 1579 1254 1658 primis
1277 1579 1347 1637 die-

244 1665 303 1726 bus
325 1672 356 1724 et
375 1664 523 1724 noctibus.
567 1663 626 1724 Sed
648 1664 732 1724 addit
753 1665 799 1723 sol
821 1685 942 1725 cursum
964 1666 1081 1726 dierum
1095 1665 1216 1744 quando
1232 1664 1348 1723 inluxit

246 1751 280 1811 in
301 1751 416 1810 mundo
438 1746 509 1809 ιιιι10
522 1748 587 1810 dia'·
623 1750 707 1809 Luna
728 1751 880 1810 contrario
898 1752 1032 1832 dempsit
1053 1770 1177 1810 cursum
1199 1750 1345 1811 noctium.

247 1836 365 1905 Etenim
393 1837 432 1905 ad
460 1836 683 1911 reasrationem
710 1845 743 1899 et
771 1834 916 1899 honoiem
938 1837 1120 1921 aequinoctii
1138 1835 1294 1897 novissimi
1319 1842 1348 1899 et

248 1916 379 1983 Paschae
400 1920 512 1980 Christi
534 1922 719 2021 praesignata
742 1930 786 1981 est
808 1932 837 1983 et
859 1924 936 1982 sacta
959 1934 1005 1983 est
1026 1921 1131 1982 mundi
1152 1923 1250 2003 prima
1267 1941 1349 1980 con-

246 2008 375 2067 structio
403 2008 435 2066 iu
457 2007 648 2084 aequinoctio
669 2005 779 2085 primo.
822 2009 857 2066 ln
876 2009 1067 2087 aequinoctio
1090 2027 1212 2086 quoque
1236 2007 1347 2065 solutio

162 2132 165 2138 -
246 2093 326 2151 facta
349 2101 392 2152 est
415 2101 444 2151 et
464 2092 630 2193 redemptio
652 2093 744 2151 lsrae'l
775 2091 813 2153 de
835 2095 978 2154 servitute
1000 2094 1233 2173 Aegyptiorum,
1262 2103 1296 2152 ut
1318 2093 1348 2150 in

246 2177 352 2243 eodem
390 2177 582 2257 aequinoctio
618 2188 691 2259 post
720 2196 776 2239 xm
805 2179 931 2242 Kalend.
964 2181 1058 2261 April.
1089 2179 1242 2259 praecepit
1278 2178 1349 2236 filiis

245 2263 341 2335 lette]
362 2262 475 2327 Pascha
496 2266 656 2327 celebrare.
701 2263 792 2337 Quod
819 2276 866 2326 ast
891 2275 984 2346 typus
1012 2264 1143 2327 Paschae
1163 2262 1275 2327 Christi
1296 2264 1351 2325 fe·

245 2349 309 2421 turi
339 2368 394 2431 per
426 2351 526 2413 omnia
554 2355 588 2411 in
606 2351 706 2432 *finem
736 2370 774 2411 ex
801 2351 898 2415 initio.
947 2353 1051 2432 Typus
1079 2370 1208 2429 namque
1238 2347 1351 2413 Christi

158 2470 166 2491 t
247 2456 341 2514 agnus
371 2435 424 2515 qui
452 2437 570 2496 occisus
596 2446 650 2501 eat.
691 2437 731 2499 Et
757 2437 959 2505 manducator
988 2437 1100 2497 cotidie
1127 2455 1221 2514 agnus
1249 2457 1267 2495 a
1294 2455 1350 2497 vu.

244 2522 337 2596 vitia,
359 2520 418 2589 hee
440 2532 500 2599 est,
527 2544 544 2583 a
564 2542 620 2583 arr.
643 2521 786 2599 gradibus
808 2525 967 2585 Ecclesiae.
1010 2524 1140 2583 Tantum
1162 2531 1264 2587 autem
1285 2541 1351 2600 my-

247 2606 372 2676 sterium
386 2608 450 2669 »uei
472 2607 588 2672 scitota.
631 2607 764 2680 Quidem
784 2629 847 2669 nou
868 2619 911 2673 est
931 2610 1040 2669 mirum
1061 2608 1088 2668 si
1102 2607 1245 2669 acciderit
1264 2606 1350 2684 judi-

18 2712 20 2719 ‘
131 2702 155 2760 P
172 2700 223 2760 481
249 2693 345 2769 cium,
368 2691 395 2757 ai
416 2692 593 2757 convenerit
613 2693 856 2772 aequinoctium,
877 2696 960 2774 quod
983 2704 1029 2755 eat
1050 2714 1117 2757 vm.
1135 2692 1203 2753 Kal.
1226 2692 1350 2773 Aprilis,

246 2788 333 2846 sexta
353 2777 445 2858 feria,
465 2781 537 2843 luna
558 2800 637 2844 xlm.
659 2788 691 2843 et
712 2780 903 2843 Resurrectio
926 2783 998 2841 luna
1021 2799 1086 2842 xri.
1130 2780 1201 2839 Post
1214 2799 1270 2839 xu.
1284 2779 1350 2838 Kal.

246 2864 380 2944 Aprilis,
402 2865 485 2943 ecoe
511 2874 556 2929 ast
579 2864 802 2941 aequinoctium
821 2867 962 2943 vernale,
990 2864 1051 2925 hoc
1073 2875 1119 2925 est
1139 2864 1260 2925 initium
1283 2862 1351 2923 anni

249 2949 341 3019 salis.
370 2957 401 3011 et
421 2960 489 3013 tate
509 2949 571 3011 hoo
598 2949 718 3015 initium
737 2971 801 3013 uon
820 2952 932 3015 facitur
954 2950 1070 3012 Pascha
1092 2951 1175 3032 apud
1198 2949 1350 3010 Hebraeos

251 3044 282 3097 et
304 3035 435 3094 Graecos
457 3039 487 3095 et
508 3034 629 3095 Latinos
650 3035 711 3099 uisi
737 3035 770 3097 iu
797 3054 899 3099 errore
921 3037 1005 3117 quod
1023 3037 1090 3099 diss
1112 3036 1290 3110 Dominum,
1320 3036 1352 3095 ia

251 3139 312 3200 qur
333 3120 414 3185 tacta
434 3130 481 3181 est
500 3122 572 3194 lux,
605 3119 666 3188 tuit
690 3130 761 3184 aute
788 3142 845 3186 ιιι.
874 3123 942 3185 Kal
971 3123 1102 3204 Aprilis,
1138 3120 1223 3202 quod
1249 3131 1295 3181 est
1320 3120 1351 3178 in

251 3207 342 3269 noe'te
363 3224 401 3269 11
422 3205 542 3269 ierim
531 3226 564 3272 aa
587 3226 668 3270 enno
690 3208 798 3272 crucis
820 3230 864 3269 ιιι.
886 3218 987 3270 autem
1007 3209 1074 3267 Kal
1091 3207 1185 3288 April.
1203 3227 1251 3267 111.
1267 3206 1350 3281 faria,

232 3301 282 3355 et
302 3292 886 3374 x.1ta1.spril.1m.tsrta‚inqm
918 3296 1033 3354 dictum
1064 3303 1125 3353 est:
1155 3293 1221 3352 Post
1243 3293 1350 3352 biduum

252 3367 360 3439 rocta
373 3379 434 3458 fiet
480 3379 592 3444 Deinde
610 3379 807 3442 aommtiuut
827 3381 879 3446 alii
904 3379 1017 3461 quod'
1008 3393 1049 3441 tta
1064 3377 1202 3459 liatpost
1214 3377 1350 3450 biduum,

251 3462 284 3521 id
314 3473 374 3533 ast,
405 3464 634 3543 completionem
665 3475 693 3524 et
717 3466 917 3544 integritatem
947 3466 1079 3527 duorum
1105 3473 1352 3535 testamentorum

253 3547 369 3622 Pacta
390 3557 420 3611 et
440 3560 633 3619 trmsoensua
649 3550 690 3617 sd
712 3570 836 3628 regnum
859 3552 929 3629 Dei,
951 3550 1150 3617 conueniente
1172 3550 1206 3608 in
1221 3570 1264 3610 ιι.
1278 3548 1351 3609 faria

252 3632 457 3712 aequinoctio,
487 3636 560 3697 luna
578 3657 661 3697 mm.
689 3645 722 3697 at
745 3639 937 3697 solemnitate
965 3635 1260 3708 Resurrectiouio,
1249 3656 1284 3694 ιιι
1305 3635 1352 3697 dit

201 3728 204 3732 ⁴
251 3716 532 3785 numinianum
557 3722 650 3784 totins
673 3723 795 3797 ,ιιιιιιιίι
823 3722 964 3797 humani,
993 3743 1033 3784 ιιι
1054 3743 1115 3803 quo
1138 3740 1246 3800 genera
1268 3721 1351 3799 virga

253 3802 291 3865 de
312 3801 417 3866 radias
437 3804 518 3867 lassa
537 3806 628 3868 exiit.
663 3822 743 3885 qliae
762 3809 845 3888 virga
872 3766 999 3868 rodeshit
1020 3808 1113 3871 tanet
1135 3807 1174 3866 dc
1194 3810 1351 3886 Aegyptos

252 3907 328 3968 quaa
350 3909 495 3953 conversa
515 3902 560 3951 est
581 3893 617 3951 ln
636 3903 823 3972 serpentem,
841 3905 877 3955 ut
896 3894 1098 3957 liberarentur
1117 3891 1293 3953 Israhelitas
1314 3891 1350 3951 ab

250 3974 408 4053 Aegypto,
437 3975 492 4057 qui
520 3996 643 4058 carpens
667 3976 782 4040 honuni
810 3979 978 4060 persuasit,
1015 3979 1076 4047 hoo
1105 3987 1165 4054 est,
1203 3977 1350 4051 diabolas,

250 4067 391 4120 mortem.
435 4060 467 4119 Si
493 4079 563 4141 ergo
585 4083 667 4122 mors
690 4085 707 4122 a
729 4074 883 4145 serpente,
909 4064 1026 4144 virgam
1048 4071 1235 4145 serpentem,
1254 4061 1350 4123 ctri-

253 4153 319 4204 stus
339 4144 372 4204 in
394 4154 537 4245 mortem,
557 4168 682 4228 serpeus
704 4150 885 4213 exaltatur
875 4172 908 4210 m
924 4156 1008 4227 aere,
1030 4159 1066 4209 ut
1085 4157 1205 4209 sanaret
1224 4148 1351 4207 vulnera

253 4248 415 4309 corporum
437 4232 664 4312 respicientium
685 4237 717 4293 in
739 4245 907 4316 serpentem
929 4255 1068 4308 aeneum,
1090 4245 1126 4295 ut
1146 4234 1278 4293 solveret
1290 4251 1352 4291 ser

252 4312 379 4377 vitutem
405 4316 630 4380 Israhelitarum
656 4319 901 4383 famulantium
890 4342 924 4381 m
950 4320 1093 4401 Aegypto.
1141 4318 1192 4380 Sic
1218 4316 1352 4380 homines
