2992 4894
492 347 805 415 PRAEFATIO.
1212 361 1248 453 Q

116 527 210 605 gitst,
230 524 374 589 meminit
388 522 468 583 idean
491 523 685 589 cassabatur
700 523 745 602 ¹),
768 546 866 606 aquo
884 546 916 586 ss
938 528 1250 589 emissa'tcstntur.li.'.

114 615 209 674 brum
234 611 310 671 Julii
330 610 465 670 Africani
487 609 526 669 ds
544 611 657 670 bellico
683 621 851 690 apparatu,
880 622 914 671 et
929 613 1141 691 Fragmentum
1159 615 1251 675 Petri-x

115 697 324 759 Alexandrini
347 694 385 756 de
400 694 561 772 Pasohate3
584 695 664 756 unde
686 716 747 755 non
763 698 852 758 modo
865 698 947 761 illias
965 709 1045 759 aetas
1061 700 1250 781 precipitem.

116 785 175 845 sed
189 795 221 844 et
236 785 381 843 dubietas
395 784 511 858 oritas,
534 781 611 847 anis
623 802 661 841 ex
674 783 809 843 Romano
825 785 987 863 exemplari
1003 783 1175 844 chronicon
1185 807 1249 845 exn,
1352 774 1361 791 ¹

117 869 293 948 scripserit,
304 867 451 948 siquidem
459 888 496 926 ex
504 868 823 929 Graeciamercatorin
832 871 947 930 Gallias
956 870 1086 930 venerit:
1098 872 1240 931 nisifarta

116 957 214 1016 fuerit
226 956 335 1014 exillis
344 953 914 1034 AntiquariisVaticanaeBibliothecae,
926 957 1111 1035 seresempcr
1119 957 1240 1019 natione

119 1042 267 1119 Graecis,
287 1042 340 1119 qui
364 1061 402 1099 ex
425 1040 505 1100 illius
519 1040 629 1100 codice
649 1039 759 1100 haecce
773 1043 1007 1121 'qualiacumque
1024 1044 1081 1101 sibi
1096 1044 1252 1102 tranensi»
1350 1091 1353 1096 .

117 1129 230 1208 pserit.
277 1128 319 1185 Ut
333 1124 442 1203 at‘sit,
466 1147 499 1186 ea
516 1134 658 1208 excerpta
679 1146 749 1185 cam
764 1127 895 1208 losepho
910 1129 1062 1206 scaligero
1071 1129 1240 1188 communi·-
1315 1179 1319 1187 .

119 1223 220 1273 castet
238 1212 450 1283 casaubonus,
482 1211 508 1270 is
523 1230 591 1272 cum
606 1213 727 1272 Eusebii
743 1212 891 1275 chronico
906 1236 922 1272 a
938 1235 969 1273 se
985 1213 1149 1285 adornato,
1167 1235 1240 1273 ι11110
1256 1222 1278 1276 P
1295 1225 1313 1278 ³

121 1316 195 1359 cam
218 1298 287 1357 aliis
307 1296 456 1358 similibus
479 1295 653 1376 Chroniois,
673 1314 793 1380 propter
805 1301 1016 1381 cognationem
1030 1303 1185 1376 materiae,
1207 1309 1242 1361 ue

121 1386 190 1464 ipse
205 1385 269 1461 ait,
289 1384 344 1445 illa
367 1383 482 1445 edenda
506 1385 640 1460 curavit,
666 1383 831 1449 chronicae
851 1400 1010 1467 temporam
1026 1384 1176 1467 Epitomes
1197 1388 1242 1446 ia-

122 1471 302 1550 scriptione.
360 1470 469 1529 Verum
488 1472 520 1529 in
549 1469 745 1530 exscribendo
776 1472 948 1548 Augustana
966 1473 1128 1551 exemplari
1147 1472 1242 1532 multa

120 1555 330 1637 praetermisit
344 1550 411 1635 ipse
428 1552 639 1636 casaubonus,
658 1558 715 1636 qui
736 1558 920 1625 eGrseoulo
943 1558 1074 1636 quadarn
1094 1560 1243 1634 (ttame-

120 1642 171 1701 rio
184 1642 349 1719 videlicet)
372 1642 527 1722 acceptum
535 1689 543 1720 ,
562 1653 601 1713 ,ut
614 1642 719 1701 scribit
732 1643 878 1720 Scaliger,
901 1664 990 1702 manu
1006 1664 1060 1702 saa
1073 1644 1170 1703 deseri
1173 1666 1242 1723 pse·

121 1736 189 1800 rat3
223 1721 405 1810 (antequam
427 1729 464 1786 ab
481 1726 660 1788 lloeschelio
683 1725 851 1812 erneretur)
874 1732 943 1809 quia
964 1730 1081 1789 fortean
1106 1751 1245 1789 011111011-

106 1814 303 1893 scriptionis
324 1816 455 1890 integrae
475 1812 651 1874 difficaltate
669 1813 887 1892 deterreretur,
918 1834 995 1895 quae
1013 1815 1171 1877 obviarat
1189 1835 1243 1873 su-

121 1919 315 1979 pervacanea
335 1901 542 1978 existimabat,
565 1902 728 1960 omittenda
745 1902 904 1961 censuerit.
947 1899 1007 1958 Sed
1031 1911 1061 1959 et
1077 1901 1110 1959 in
1131 1921 1242 1959 annum

121 2005 178 2047 xx„
202 1985 437 2065 Mauriclilnsp.
452 1984 603 2047 duntaxat
619 1986 791 2046 Chroniaon
804 1987 881 2046 illud
899 1987 1153 2046 casaubonianum
1166 1986 1245 2045 desi-

122 2072 187 2145 uit,
211 2071 335 2150 reliquis
353 2072 467 2152 pariter
490 2073 608 2137 antissis
630 2092 727 2151 usque
751 2072 791 2130 ad
810 2073 940 2132 Heraclii
965 2094 1074 2132 annum
1100 2094 1192 2133 sarar.
1212 2072 1245 2129 in

63 2166 67 2187 ¹
126 2176 218 2233 quem
228 2156 343 2215 desinit
357 2158 424 2237 ipse
449 2157 553 2219 Codex
568 2159 741 2220 Vaticanus.
790 2154 959 2219 Cnr'autem
976 2155 1115 2237 Scaliger
1125 2155 1173 2218 ael
1188 2153 1250 2219 Ga-.

126 2240 282 2299 sandonus
295 2258 441 2322 sequentes
453 2246 582 2323 paginas
598 2246 743 2317 omiserit,
767 2241 901 2302 divinare
914 2265 973 2303 non
987 2262 1124 2324 possam,
1146 2241 1249 2321 inquit

127 2326 284 2402 Raderus,
307 2329 365 2387 nisi
378 2325 459 2410 qnod
476 2327 513 2388 de
526 2331 619 2388 sacris
635 2325 822 2408 Imaginibus
834 2326 878 2386 ibi
890 2325 987 2386 multa
998 2331 1122 2403 mentio,
1144 2349 1246 2410 quam,

127 2413 246 2492 opinor,
269 2407 463 2477 Iconomoobi
477 2409 627 2496 refugere:
648 2412 733 2491 qnod
745 2430 800 2489 ego
814 2411 868 2473 rix
880 2421 995 2491 putem,
1019 2413 1071 2470 sed
1085 2413 1155 2491 qaia
1171 2412 1246 2470 scri·

125 2507 199 2577 ptor
217 2497 251 2555 in
272 2499 485 2579 suscriptione«
497 2498 674 2578 defatigatus
694 2495 745 2556 bic
768 2496 882 2574 haesit,
905 2517 962 2555 nec
974 2495 1055 2554 tanti
1073 2518 1106 2554 ea
1121 2498 1248 2571 censuit,

126 2590 163 2640 ut
183 2591 324 2661 suscepto
340 2584 452 2644 'labori
475 2585 602 2651 ulterius
630 2584 830 2644 incumberet.
892 2582 1128 2660 Qualiscumque
1146 2592 1262 2641 autem,

126 2667 185 2727 ista
198 2671 239 2727 sit
250 2668 352 2746 editio,
373 2674 406 2729 in
419 2656 587 2733 Rederibna
602 2669 789 2731 emendanda
805 2690 868 2727 non
880 2689 987 2748 parum
1003 2668 1168 2748 adjumenti
1181 2669 1247 2743 suit,

126 2755 302 2833 praesertim
321 2774 390 2815 oum
406 2754 481 2815 liaeo
501 2767 654 2836 postrema
670 2752 806 2834 pluribus
823 2755 938 2814 mendis
951 2763 1079 2828 scateat,
1103 2764 1132 2813 et
1144 2764 1179 2811 ut
1193 2773 1250 2812 nea

126 2840 224 2920 probe
246 2841 367 2900 omnino
388 2842 540 2922 descripta
560 2846 599 2903 sit
617 2841 790 2917 alludere,
814 2841 864 2913 itaw
878 2861 936 2900 noc
953 2837 1185 2919 aTypographo
1197 2848 1248 2918 ty*

127 2926 176 3005 pis
192 2935 240 2985 ast
262 2931 413 2987 accuratis
434 2946 584 3007 expresse.
630 2927 802 2987 chronicon
823 2947 918 3006 porro
941 2924 1019 2984 illud
1041 2947 1058 2984 a
1080 2946 1111 2985 se
1134 2925 1248 2984 editum

129 3012 387 3072 casaubonianam
408 3016 540 3092 Scaliger
559 3015 591 3073 in
611 3013 696 3072 ¹Notis
718 3013 757 3070 ad
772 3012 933 3072 Eusebium
949 3031 1079 3090 ,semper
1097 3011 1246 3089 appellat:

128 3097 182 3155 ubi
203 3117 325 3157 rursum
346 3098 497 3175 liederus,
520 3098 640 3181 Magno
660 3113 687 3157 et
706 3099 809 3179 gravis
829 3119 938 3173 muso,
965 3097 1083 3175 inquit,
1103 3110 1137 3155 nt
1154 3097 1248 3176 siege

129 3202 230 3242 vocem
246 3181 453 3243 Raderianum
462 3230 470 3261 ‚
493 3182 584 3267 qaod*
598 3206 666 3242 maa
681 3205 773 3243 manu
794 3180 1014 3263 descripserim,
1037 3178 1249 3255 transtulerim,

130 3264 290 3344 ediderim,
314 3267 529 3329 observationes
542 3267 722 3343 addiderim,
745 3290 836 3349 neque
851 3271 949 3326 tamen
963 3269 1018 3325 erit
1031 3264 1249 3341 Radrrianum,
1268 3279 1292 3330 V
1309 3280 1327 3334 3

129 3351 225 3412 malta
249 3356 348 3413 minus
371 3351 640 3415 casaubonianum.
685 3355 748 3432 Ego
771 3373 844 3412 vero
865 3372 919 3411 our
942 3351 1062 3410 Radero
1084 3351 1249 3408 1010101110-

130 3435 221 3496 cbam
239 3449 377 3515 moveat,
400 3438 484 3498 haud
503 3441 624 3498 omnino
644 3458 805 3518 assequor,
828 3440 897 3496 cum
910 3437 1048 3517 proclive
1059 3436 1183 3497 nimium
1200 3435 1256 3511 sit,

130 3523 213 3601 quod
236 3524 273 3582 ab
293 3524 396 3607 aliquo
413 3524 594 3586 beneficium
615 3525 781 3605 acceperis,
802 3523 884 3582 illius
906 3523 987 3583 edito
1000 3522 1128 3582 ‘nomiae
1148 3522 1248 3603 palem

129 3609 276 3687 profiteri.

216 3780 268 3842 lv.
313 3782 352 3840 Ut
373 3782 501 3859 denique
523 3781 782 3844 Paschalis·‘istius
804 3778 947 3841 cbronici
967 3779 1064 3839 fetam
1084 3776 1248 3850 absolverat
1262 3785 1410 3839 chronicon

132 3861 287 3943 postrema
299 3867 418 3927 tandem
434 3870 516 3928 illius
531 3867 647 3948 prodiit
665 3867 756 3926 aditio
776 3864 1087 3933 MonachiiBavariae
1103 3862 1254 3941 Metropc-
1271 3855 1400 3908 Raderlt·

132 3951 170 4025 li,
194 3974 273 4012 anno
291 3973 441 4018 crursaxv.
461 3954 520 4035 bac
545 3954 651 4013 titulo:
688 3950 855 4014 Gbronicon
872 3947 1140 4019 Alexandrinum,
1162 3943 1254 4005 idem-
1298 3941 1365 3980 '¹⁰¹⁰'

133 4060 188 4118 que
202 4037 451 4101 Astranamioum
477 4056 504 4101 et
521 4037 785 4112 diocletianorum,
816 4035 905 4118 vulgo
923 4031 1075 4108 Siculum,
1104 4055 1154 4093 sea
1169 4029 1253 4090 Fasti

855 4152 860 4187 ¹
892 4150 899 4173 l
953 4160 958 4169 ι

170 4290 332 4453 1)4ἑ1ἐ1“101.
348 4327 383 4381 ad
400 4327 549 4383 Suetonio
567 4327 617 4384 lul.
632 4345 656 4382 a.
668 4284 716 4384 ³31.
738 4334 766 4382 et
782 4326 811 4380 in
831 4282 1008 4379 111101011ᾞο1
1029 4317 1118 4374 Auael.
1135 4312 1208 4369 anl.
1223 4333 1251 4385 p.
