3010 4904
280 315 357 393 560
433 380 436 385 «
638 320 1034 393 fflfflvuusrouus
1101 312 1115 339 ⁰

368 486 478 568 Legisti
511 488 643 550 secunda
675 487 807 548 chiliade
839 488 959 569 expleta
986 489 1101 549 factum
1130 508 1195 548 esse
1225 485 1377 561 diluvium,

119 575 344 639 ‘uconxnboc
365 582 427 649 est,
456 572 502 634 bis
524 573 696 649 millesimo,
725 573 959 634 ducentesimo*
987 573 1215 654 quadragesimo
1242 575 1379 647 secundo,

284 670 320 720 ut
339 660 420 740 apud
442 661 631 738 septuaginta
651 658 743 720 bodie
764 659 890 736 legitur,
911 669 942 720 et
963 659 1035 719 olim
1055 660 1227 738 legebatur,
1250 669 1283 723 et
1302 659 1381 719 chro-

283 743 431 825 nograpbi
452 745 696 824 praestantissimi
717 745 861 809 scribunt.
893 746 1073 825 quamquam
1094 745 1224 806 Hebraei
1246 755 1276 805 et
1299 745 1382 804 bodie

284 831 382 891 Latini
408 830 508 908 legant
528 851 653 893 uccnvr.
672 829 842 891 Methodius
865 850 937 910 ergo
962 831 1061 891 minus
1084 832 1187 911 potius
1210 851 1301 910 quam
1321 830 1382 909 plus

233 927 269 982 23
287 938 343 999 pro
366 917 497 976 Graecae
518 915 667 977 Ecclesiae
689 914 905 977 consuetudine
934 924 964 976 et
984 918 1101 976 ratione
1122 917 1226 996 ponit,
1264 937 1331 974 cum
1354 914 1382 973 in

283 1004 404 1083 expleta
424 1002 555 1061 secunda
576 1001 721 1079 chiliade,
750 1001 810 1062 boc
832 1011 895 1076 est,
923 1000 970 1060 bis
993 1003 1150 1064 millesimo
1172 1001 1321 1060 accidisse
1341 999 1383 1058 di-

283 1088 400 1148 luvium
421 1087 533 1147 scribit.
576 1088 729 1168 interpres
749 1085 895 1147 Methodii
916 1087 1002 1146 rudis
1021 1098 1050 1147 et
1070 1088 1218 1147 barbarus
1240 1086 1315 1162 fuit3
1335 1105 1384 1144 nu·

284 1174 361 1234 meri
381 1173 605 1234 mendosissime
626 1174 718 1247 editi,
747 1174 875 1233 fortasse
901 1173 990 1233 etiam
1011 1173 1049 1233 ab
1071 1173 1238 1251 interprete
1262 1192 1322 1231 non
1341 1172 1385 1229 in-

284 1259 407 1322 tellecti.
451 1261 566 1319 Auctor
586 1258 760 1339 Methodius
778 1260 827 1319 vir
847 1258 977 1337 ingentis
996 1258 1118 1336 ingenii,
1140 1258 1308 1327 doctrinae,
1327 1277 1387 1316 san-

287 1346 417 1420 ctitatis,
446 1345 516 1423 qui,
537 1354 615 1404 teste
636 1344 746 1420 Suide,
768 1343 892 1424 Olympi
913 1343 1011 1419 filius,
1034 1345 1150 1403 Pataris
1167 1346 1211 1402 lin
1231 1343 1323 1423 Lycia
1342 1362 1385 1399 na·

287 1443 354 1509 tus,
384 1431 455 1510 Tyri
477 1429 537 1489 tuit
558 1429 742 1511 Episcopus,
773 1440 804 1489 et
824 1430 917 1489 Decio
945 1451 980 1488 ac
1003 1430 1164 1490 Valeriano
1194 1430 1228 1488 in
1251 1427 1386 1488 Christis·

176 1524 185 1543 '
288 1538 342 1578 uos
368 1515 582 1591 saevientibus,
610 1535 667 1594 pro
690 1514 811 1574 Christo
834 1514 978 1577 Chalcide
1004 1515 1158 1575 occubuit.
1200 1514 1385 1575 Laudatura

289 1606 322 1663 D.
343 1600 539 1681 Hieronymo,
561 1598 679 1676 Photio‚
705 1600 806 1662 Suids.
847 1601 884 1660 ln
905 1598 988 1660 hunc
1011 1601 1159 1661 Methodii
1179 1600 1321 1661 libellum
1339 1619 1386 1658 os·

288 1688 351 1769 pita
373 1686 506 1765 quinque
535 1685 714 1767 conscripsit
737 1685 800 1767 jam
822 1685 895 1746 olim
919 1686 1114 1765 wolfgangus
1135 1684 1275 1766 Aitinger
1296 1688 1386 1763 Augo-

287 1784 351 1836 stae
373 1773 490 1834 Vindel
513 1771 651 1848 clericus,
673 1781 709 1832 ut
724 1772 791 1853 ipae
812 1771 844 1830 in
866 1770 924 1833 fine
944 1772 1016 1832 libri
1036 1792 1124 1832 suum
1142 1792 1256 1832 nomen
1278 1769 1387 1831 adscri-

287 1860 355 1941 psit.
398 1859 459 1919 Sed
487 1858 525 1917 de
552 1857 651 1917 causis
675 1857 784 1919 diluvii
814 1877 917 1917 omues
943 1866 1005 1917 tam
1035 1858 1144 1918 Graeci
1158 1877 1266 1937 ·quam
1298 1853 1386 1915 Latini

288 1947 371 2019 tuse,
398 1954 434 2004 ut
453 1942 505 2004 bio
526 1964 635 2023 operae
655 1964 718 2004 non
739 1943 780 2003 sit
799 1942 926 2003 verbum
949 1943 1068 2003 addere.
1109 1944 1157 2003 An
1183 1963 1282 2023 porro
1304 1941 1388 2001 libel-

289 2034 337 2091 lua
356 2029 408 2090 bic
430 2029 470 2089 sit
490 2027 636 2090 Methodii
657 2048 815 2107 germanus
837 2040 954 2110 pertus,
974 2051 1036 2089 non
1056 2029 1190 2110 disputo,
1217 2038 1335 2090 tautum
1355 2027 1387 2086 de

286 2117 389 2196 iniqua
411 2115 593 2193 comestoris
616 2115 862 2197 interpretatione
883 2117 1004 2199 questus
1026 2135 1103 2193 aum,
1125 2135 1185 2195 qua
1207 2115 1285 2174 alios
1307 2114 1387 2174 enam

286 2206 319 2261 in
342 2221 473 2263 errorem
492 2200 624 2264 induxit.

373 2287 453 2348 Vlil.
494 2289 520 2347 A
535 2288 637 2347 diluam
652 2307 735 2367 usque
749 2287 944 2349 admolits'ooem
956 2292 1040 2349 tresis
1054 2293 1189 2348 emensus
1201 2291 1272 2348 ususs'
1281 2281 1388 2361 nom-l

287 2372 477 2454 Nicephoru's
499 2373 577 2432 duos
600 2373 693 2433 addit.
736 2384 808 2454 post
829 2373 992 2449 diluvium,
1015 2374 1132 2452 inquit,
1161 2393 1241 2432 anno
1264 2368 1387 2432 secundo

253 2466 256 2473 ’
290 2462 394 2519 Semne
422 2458 502 2521 filius
530 2459 595 2519 No'e
616 2469 705 2519 natus
726 2480 821 2519 annos
845 2470 966 2519 centum
989 2460 1092 2536 genuit
1116 2457 1295 2538 Arphaxed.
1337 2452 1387 2513 Sed

290 2545 479 2625 Nicephorus
502 2564 563 2604 non
585 2554 703 2605 constat
723 2544 800 2624 sibi,
830 2565 900 2604 cum
926 2565 1021 2626 supra
1043 2543 1155 2605 dixerit
1175 2548 1298 2604 Semum
1319 2561 1387 2600 anno

186 2652 188 2659 ‘
290 2631 528 2710 quingentesimo
550 2629 661 2690 Noethi
687 2638 790 2690 natum
813 2651 893 2705 esse,
924 2639 955 2690 ct
976 2632 1192 2690 sexcentesimo
1214 2630 1328 2690 factum
1349 2625 1387 2684 di-

290 2716 422 2792 lovium,
453 2737 513 2795 quo
542 2722 622 2776 ennb
648 2720 754 2777 semus
781 2717 841 2795 egit
862 2715 1063 2778 centesimum.
1106 2736 1167 2776 uon
1192 2736 1267 2793 ergo
1296 2710 1388 2792 genuit

290 2823 368 2863 anno
390 2803 552 2863 centesimo
575 2800 809 2883 Arphaxedum,
832 2801 886 2861 sed
907 2802 1070 2862 centesimo
1090 2801 1233 2861 secundo.
1262 2799 1318 2879 qui
1339 2810 1387 2856 an2

289 2909 347 2948 nus
375 2899 420 2948 est
445 2909 546 2948 cccxi.
588 2889 751 2949 Enimvero
772 2906 811 2946 ex
832 2887 933 2948 Contii
953 2888 1113 2948 tralatione
1135 2885 1240 2948 Codex
1263 2888 1387 2945 Graecus

289 2971 453 3052 Nicephori
478 2975 557 3053 juste
581 2972 675 3034 habet
700 2982 819 3032 centum
847 2993 953 3035 annos.
995 2969 1085 3037 Messi
1113 2969 1168 3036 τόν
1187 2962 1387 3048 emoniensis

290 3052 362 3136 Σήμ
388 3053 457 3130 υἱός
485 3063 559 3120 Nais
585 3054 747 3140 γενόμενος
776 3050 803 3138 ρ’
824 3057 902 3121 ἐτῶν
921 3063 1016 3144 γεννᾷ
1041 3053 1096 3121 adv
1117 3054 1278 3140 Αρφάξαὸ.
1321 3051 1386 3113 Eod-

289 3141 380 3201 modo
413 3142 476 3204 MS.
502 3140 659 3204 Athanasii
692 3142 793 3204 codex
819 3143 920 3224 ipsum
948 3145 1143 3205 centesimum
1173 3143 1256 3203 Semi
1285 3155 1387 3200 annum

239 3233 276 3290 24
292 3229 387 3309 ponit.
425 3238 460 3287 ut
474 3228 579 3290 'mirer
606 3229 757 3290 hocloco
779 3231 919 3290 Cantium
942 3228 1053 3293 addere
1075 3231 1153 3290 dnos
1173 3248 1277 3289 annos.
1320 3225 1387 3285 Cum

290 3335 329 3374 ex
351 3315 426 3378 Gen.
449 3322 515 3395 cap.
536 3336 579 3379 xr.
601 3316 721 3396 Moyses
748 3314 877 3376 affirmet
905 3315 1027 3394 quidem
1057 3336 1072 3374 a
1102 3318 1206 3390 Semo,
1236 3333 1314 3374 enno
1340 3327 1388 3369 se·

291 3399 391 3460 cundo
412 3410 483 3480 post
509 3400 660 3462 diluiuum
687 3400 819 3478 genitum
846 3400 1079 3481 Arphaxadum,
1108 3401 1160 3461 sed
1190 3403 1310 3460 Sensum
1332 3412 1387 3454 non

290 3485 332 3545 eit
353 3485 446 3563 egisse
462 3494 526 3545 tum
550 3506 601 3547 cn.
623 3486 680 3547 sed
700 3486 894 3548 centesimum
909 3497 1037 3565 mutum,
1059 3504 1241 3568 quamquam
1258 3502 1333 3543 anno
1345 3497 1387 3537 uu·

291 3571 353 3630 Noti
373 3570 466 3632 tuisse
489 3573 637 3633 diluvium
658 3580 782 3634 narrem
802 3594 905 3635 merae
917 3574 1058 3651 litterae,
1079 3591 1142 3652 quo
1163 3590 1243 3632 anuo
1263 3571 1323 3650 jam
1337 3567 1386 3623 Se·

291 3676 357 3715 mus
379 3667 444 3716 erut
465 3666 587 3717 eentum
608 3679 772 3734 annorum,
800 3679 871 3739 ergo
896 3659 1110 3740 biennio·post
1132 3678 1187 3719 cu.
1229 3657 1277 3715 dn
1296 3653 1386 3714 Moses

291 3741 433 3820 neglectis
455 3743 573 3805 duobus
593 3745 681 3804 annis
700 3744 865 3806 rotundum
885 3764 1043 3807 numerum
1065 3752 1112 3806 est
1131 3741 1271 3805 secutus'l

376 3827 454 3887 Illud
475 3828 535 3888 hcc
555 3831 617 3890 loci
638 3829 707 3890 albs
728 3830 895 3892 notandum
914 3831 1052 3910 gemma,
1082 3830 1195 3890 Lucam
1223 3827 1256 3887 in
1283 3818 1385 3883 Chn'tfi

292 3913 462 3991 genealogie
481 3917 682 3993 recensenda,
715 3937 784 3977 cum
805 3919 993 3998 septuaginta
1008 3924 1127 3997 *septem
1147 3923 1248 3996 patres
1267 3904 1386 3969 fmilitt

294 4008 445 4075 numerat,
468 4011 603 4062 secutum
624 4022 689 4064 esse
708 4012 781 4063 cxx.
804 4003 954 4064 seniorum
974 4003 1171 4083 scripturam,
1194 3995 1314 4080 quaudo
1333 3991 1385 4053 At·

294 4083 426 4165 pbaxedi
455 4083 550 4147 filium
578 4088 700 4167 scripsit
729 4089 868 4161 (lainam,
903 4090 956 4169 qui
984 4110 1040 4150 nec
1070 4089 1105 4147 iu
1122 4085 1268 4148 Hebraeis
1287 4086 1383 4163 p⁰⁸l²⁸

295 4170 467 4245 codicibus,
497 4192 554 4232 nec
573 4173 704 4251 vulgatis
724 4174 907 4243 editionibus
928 4175 1041 4236 Latinis
1060 4183 1201 4254 repertus
1222 4179 1281 4245 est,
1303 4180 1383 4245 quam

296 4258 532 4317 controversiam
566 4278 636 4318 oum
666 4259 839 4321 divinarum
865 4260 1021 4323 literarum
1047 4256 1230 4339 interpretes
1254 4254 1384 4344 metelli,

296 4338 405 4399 mirum
425 4351 568 4420 quantum
589 4343 671 4404 inter
688 4366 721 4405 se
741 4345 937 4424 dissentiaut;
953 4346 1146 4426 *singulorum
1165 4345 1228 4405 fere
1246 4339 1384 4422 opinatiu-
