2944 4896
428 345 895 419 ctntotuclt’ascuAnts,
1166 358 1217 428 77

104 542 181 596 tum
198 520 335 599 Basilii.
369 525 430 596 Ex
448 524 537 597 Ood.
552 525 706 599 colbert.
727 529 814 601 240.
836 539 872 598 et
892 553 937 598 ex
953 527 1040 601 edit.
1052 526 1217 601 Arnaldi

69 644 74 649 ’
104 629 267 699 Pontaci
274 641 367 722 post
379 630 498 700 Notas
514 629 554 699 in
567 628 723 701 Eusebit‘
740 630 958 705 Chronicon.

204 729 296 800 XX.
321 728 533 802 Latercqus
557 729 878 826 alterConsqurn,
905 750 986 831 post
1003 727 1214 806 chronicon

101 826 300 904 Senatoris.
352 837 413 905 Ex
427 836 552 906 eodem
572 837 659 907 Cod.
678 837 831 907 colbert.

203 934 311 1007 XXI.
338 933 537 1009 Methodus
571 963 643 1035 qua
667 934 850 1010 invenitur
877 938 1053 1035 cujusque
1079 935 1212 1010 mensis

101 1062 359 1137 quaecumque
387 1036 482 1132 dies,
510 1039 609 1111 etin
638 1066 747 1138 quam
774 1038 991 1138 septimanae
1017 1038 1139 1112 feriam
1155 1039 1212 1112 in-

101 1139 232 1232 currit,
263 1160 300 1213 et
324 1141 363 1212 in
380 1168 489 1240 quem
515 1169 653 1243 aunurn
666 1141 796 1241 ¹incidit
810 1142 1002 1217 Bissextus.
1028 1150 1091 1220 Ex
1108 1147 1211 1216 Com·

101 1247 289 1317 mentatio
314 1248 490 1317 Heraclii
511 1249 758 1343 Imperatoris
783 1251 823 1319 r'n
849 1249 1064 1347 προχείρους
1089 1250 1210 1320 Ptole·

102 1351 197 1419 maai
215 1352 406 1439 canones,
433 1352 579 1421 exedit.
597 1352 778 1425 Doduelli
795 1356 842 1426 V.
860 1353 897 1424 C.
974 1402 979 1413 ·

182 1447 327 1541 XXII.
354 1449 481 1527 Variae
503 1450 699 1524 Lectiones
726 1449 771 1525 ad
797 1452 900 1524 binas
925 1449 1099 1550 Epistolas
1120 1449 1210 1524 Dio·

101 1551 191 1652 nysii
224 1552 358 1656 Exigui
391 1552 436 1625 de
470 1553 609 1628 ratione
635 1553 803 1632 Paschae.
855 1561 916 1631 Ex
946 1559 1065 1628 variis
1095 1559 1209 1629 codd.

101 1659 212 1731 MSS.
228 1662 371 1752 Regio,
404 1660 591 1732 Colberteo
605 1673 643 1731 et
661 1663 872 1733 Petaviano.

199 1760 343 1839 XXIII.
370 1758 428 1835 De
443 1760 616 1835 Paschate
642 1759 880 1837 Iudaeorum.
933 1766 994 1837 Ex
1017 1763 1105 1836 eod.
1127 1763 1209 1834 Col·

100 1859 230 1941 berteo.
367 1874 373 1879 '

203 1965 347 2041 XXIV.
370 1963 598 2069 Argumenta
623 1965 908 2070 Aegyptiorum,
943 1991 1100 2065 quorum
1132 1988 1209 2037 me·

99 2065 204 2140 minit
228 2068 429 2170 Dionysius
457 2069 618 2169 Exiguus
652 2071 688 2141 in
721 2067 876 2169 Epistola
908 2068 953 2143 ad
982 2064 1208 2161 Petronium,
1359 2102 1362 2109 ’

101 2187 137 2239 et
162 2169 348 2247 Vretorius
373 2171 412 2243 in
432 2171 580 2245 Canone
602 2171 777 2246 Paschali.
830 2180 892 2247 Ex
909 2178 1000 2248 eod.
1017 2172 1206 2247 Colberteo

101 2278 186 2348 240.
205 2291 294 2371 post
315 2278 523 2374 Epistulam
543 2275 764 2348 Paschasini
782 2279 964 2373 Episcopi
984 2281 1039 2351 ad
1056 2280 1209 2371 Papam

101 2377 276 2455 Leonem.

119 2496 126 2513 '
198 2482 321 2555 XXV.
354 2480 412 2553 De
446 2478 580 2579 triplici
607 2479 835 2552 Graecorum
866 2505 966 2571 aera,
1001 2497 1039 2553 et
1064 2503 1105 2550 ea
1134 2504 1207 2576 qua

102 2580 209 2657 utitur
235 2585 381 2660 Auctor
406 2583 587 2657 Paschslis
607 2581 795 2658 Chronici.
829 2588 892 2658 Ex
905 2587 1058 2658 Petavio
1079 2580 1140 2654 tib.
1155 2605 1205 2653 rx.

25 2704 40 2735 ⁹
103 2687 146 2757 de
159 2692 290 2764 Doctr.
311 2704 421 2784 temp.
446 2715 527 2785 cap.
545 2715 599 2760 ιιι.

197 2791 340 2873 XXVI.
364 2792 423 2864 De
450 2788 589 2864 duabus
615 2786 773 2888 Epochis
800 2785 947 2884 Christi,
974 2808 1041 2879 etc.
1068 2789 1205 2862 Exeo·
1347 2804 1351 2805 ’

104 2893 180 2965 dem
191 2899 364 2985 Petavio,
389 2895 450 2970 lib.
468 2920 544 2971 vur.
558 2896 735 2979 Auctarii
746 2921 826 2991 cap.
846 2919 873 2967 1.
1183 2914 1188 2921 ’

195 2996 357 3074 XXVII.
383 2994 581 3071 Methodus
597 2997 831 3094 Epactarum,
854 3016 890 3068 et
902 2992 1089 3069 Novilunii
1104 2990 1204 3065 inve·

103 3093 249 3198 stigandi
276 3099 386 3192 ratio,
414 3127 484 3199 qua
509 3099 629 3172 utitur
652 3102 793 3173 Auctor
816 3095 991 3171 Chronici
1012 3093 1202 3170 Paschalis.

104 3204 161 3272 Ex
174 3213 321 3297 eodem,
348 3205 408 3275 lib.
425 3230 470 3274 rx.
487 3208 534 3274 de
551 3208 679 3277 Doctr.
696 3219 806 3300 temp.
825 3229 906 3299 cap.
920 3227 952 3273 v.

199 3305 375 3383 XXVIII.
403 3302 601 3378 Methodus
631 3306 679 3378 ad
705 3305 892 3379 Paschales
924 3299 1095 3375 terminos
1128 3299 1202 3375 sive

106 3398 249 3484 Iudaica
271 3407 440 3483 Paschata
464 3410 734 3508 cognoscenda,
768 3436 840 3508 qua
859 3406 1000 3479 Auctor
1025 3400 1203 3477 Chronici

104 3500 276 3587 Paschalis
291 3513 415 3586 utitur.
452 3516 514 3585 Ex
530 3519 671 3604 eodem,
691 3513 752 3584 lib.
770 3510 1036 3586 v111.Auctarii
1054 3533 1136 3604 cap.
1151 3533 1200 3579 xr.

199 3617 341 3691 XXIX.
367 3614 582 3690 Laterculus
602 3614 779 3687 mensium
795 3611 1129 3707 Macedonicorum.
