3010 4904
264 347 339 423 556
619 350 1016 419 anmantuuslonus

262 517 319 579 cit:
349 517 427 584 Quae
454 517 546 579 melan
571 517 727 596 retendit,
754 519 1046 596 mummium,
1074 518 1397 581 neatnmrlomiu'a'

261 604 410 678 amne,
431 612 461 663 et
482 623 561 683 qnae
582 623 622 665 ex
644 603 713 663 {tivi
731 603 834 664 Heliae
856 605 1040 685 apocryphis
1062 614 1243 685 eeqnuntur.
1286 605 1368 665 Idem

262 709 384 753 rnreum
406 689 443 748 ad
466 688 589 748 Galatae
611 709 650 749 ex
673 689 859 770 Apocalypei
879 690 1006 769 Moyeie:
1029 689 1124 770 Neque
1145 694 1313 761 circmacirio
1331 697 1368 749 eet

262 775 384 855 αἱίγυίἆ,
409 794 458 834 nec
482 778 670 853 praeputium,
699 777 746 834 ent
771 794 840 836 υυυυ
868 782 1002 838 creature.
1045 777 1084 836 Et
1104 775 1144 835 ad
1163 775 1312 857 Ephesios
1331 796 1368 836 ex

260 860 428 921 Hieremiae
457 858 639 941 apocryphis
665 879 743 940 quae
770 862 971 942 appellantur.
1025 862 1117 939 Surge
1142 866 1192 941 qui
1217 862 1319 921 damu
1344 868 1368 922 et

262 966 362 1024 exurge
382 967 401 1004 a
421 949 547 1025 morulis,
569 953 594 1005 et
615 947 780 1007 illuminabit
800 954 827 1006 to
848 947 980 1013 ΟΙιτίτὴυ.
1023 945 1154 1008 Proinde
1174 946 1252 1008 haec
1273 967 1292 1005 a
1315 967 1368 1006 no-

261 1032 309 1091 bie
332 1032 412 1092 dicta
434 1041 519 1108 eunt,
549 1051 610 1090 non
634 1031 673 1090 ad
694 1051 799 1092 eorum
820 1032 1018 1094 temeritatem
1042 1031 1292 1109 confirmandam,
1317 1031 1367 1112 qui

261 1116 336 1177 haec
358 1118 423 1177 eine
443 1117 617 1178 dieenmine
639 1126 670 1178 et
689 1117 803 1199 judicio
823 1119 933 1179 volunt
953 1120 1062 1198 legere,
1083 1119 1162 1179 abeit
1181 1116 1253 1194 hoc,
1280 1116 1369 1177 multi

261 1203 339 1263 euim
364 1203 436 1264 dnm
459 1204 558 1264 omnia
579 1222 653 1263 vera
675 1224 752 1283 quae
771 1203 810 1263 iie
834 1203 1039 1282 continentur,
1066 1203 1278 1278 crediderant,
1309 1223 1369 1262 ma·

260 1308 351 1367 gnum
372 1289 443 1349 inde
465 1289 676 1349 detrimentum
698 1309 850 1369 accepere.
893 1290 982 1351 Unde
1011 1300 1041 1351 et
1066 1301 1168 1351 eancta
1190 1289 1245 1350 Dei
1267 1289 1368 1349 Eccle-

260 1374 320 1451 eia,
343 1383 373 1434 et
393 1374 552 1434 nnivereue
573 1385 694 1455 patrum
714 1383 843 1435 eenatue·
855 1374 949 1452 haec,
970 1376 1097 1456 perinde
1114 1386 1205 1455 atque
1220 1374 1368 1454 reliquam

258 1459 1368 1627 :ttttt'ttlttgt’1{tlt}:titttetftt’ltlttttttt‘

259 1629 431 1705 hibuimue‚
458 1640 495 1690 ut
516 1631 741 1695 ostenderemus
761 1633 944 1711 Egregorum
968 1652 1022 1692 eeu
1042 1633 1156 1692 ducum
1178 1632 1313 1709 coelem,
1338 1638 1368 1690 et

259 1717 411 1794 gigentum
431 1715 625 1797 impietatem,
649 1718 687 1777 de
709 1729 820 1797 quaet
843 1718 968 1778 ltivinne
989 1718 1109 1798 Moyeee
1129 1718 1275 1792 meminit,
1299 1736 1367 1774 cnm

257 1812 385 1883 propter
413 1802 497 1863 illam
527 1802 672 1864 mundum
704 1802 790 1881 equie
810 1803 990 1866 inundatum
1011 1804 1105 1864 fuieee
1126 1804 1242 1864 acribit.
1284 1801 1366 1860 Haec

208 1895 241 1950 17
258 1908 297 1947 ex
310 1888 459 1968 syncello.
495 1888 656 1968 [gregorii
670 1908 764 1968 porro
785 1889 909 1949 ducenti
928 1899 1141 1966 memorentur,
1163 1906 1295 1969 quorum
1310 1886 1365 1945 dn-

257 1993 306 2032 cee
327 1994 382 2032 eeu
406 1973 585 2034 decurionee
604 1983 803 2034 numerantur
823 1995 878 2037 xx.
900 1995 976 2054 quoe
989 1976 1022 2035 in
1036 1974 1180 2036 theeenro
1196 1973 1365 2034 Eusebiano

258 2079 297 2120 ex
326 2059 424 2138 primo
447 2058 564 2119 Enochi
588 2059 667 2119 libro
688 2060 824 2120 nominat
844 2059 1006 2139 castigator
1028 2071 1200 2141 temporum
1222 2058 1364 2135 Semixae,

257 2143 433 2226 Atarcuph‚
461 2154 518 2205 etc.
548 2145 601 2204 ubi
622 2146 715 2206 multa
738 2144 775 2206 de
795 2146 969 2226 Egregorie,
999 2147 1136 2228 quamvis
1156 2169 1173 2206 a
1192 2144 1316 2205 Judaeie
1335 2151 1366 2204 et

256 2229 416 2291 haeretioie
437 2230 609 2309 depravata.

341 2315 391 2377 tv.
443 2316 564 2377 Vt‘dentee
584 2318 677 2395 angeli
695 2317 750 2377 Dei
761 2319 842 2398 filiae
863 2316 1027 2399 hominum]
1048 2337 1175 2400 proreue
1193 2313 1363 2399 orthodoxe

257 2409 359 2463 noeter
379 2400 635 2485 Chronographue
654 2402 805 2484 disputat,
827 2412 858 2463 et
880 2404 991 2464 refellit
1010 2424 1076 2481 eoa,
1098 2403 1151 2483 qui
1166 2402 1288 2481 angelon
1300 2418 1362 2459 coe·

255 2488 344 2547 leatee
361 2487 498 2566 epiritue,
519 2507 596 2568 quoe
618 2490 744 2569 proprie
765 2486 885 2569 angeloe
907 2489 1094 2571 appellamur
1115 2488 1361 2568 interpretantur,

257 2574 340 2652 quod
371 2573 497 2654 impium
533 2575 645 2637 eentire
664 2593 741 2635 cum
776 2575 917 2635 univerae
945 2574 1077 2635 Eccleeia
1106 2573 1255 2649 affirmat,
1287 2589 1363 2651 quae

254 2658 393 2718 hominee
413 2660 482 2740 pioe
504 2680 543 2719 ex
564 2658 656 2720 Setho
678 2668 766 2719 natue
787 2659 907 2738 angelon
928 2668 959 2720 et
983 2659 1062 2720 filioe
1085 2659 1138 2719 Dei
1157 2667 1259 2719 vocat.
1301 2656 1362 2715 No·

255 2753 301 2804 tat
321 2743 430 2804 Suidae
450 2765 488 2806 ex
510 2745 608 2805 veteri
628 2747 778 2825 ecriptore
798 2745 876 2823 filine
896 2745 960 2822 Dei,
982 2763 1034 2805 eeu
1053 2746 1174 2824 angeloe
1193 2744 1274 2817 illoc,
1298 2760 1362 2802 eece

254 2828 333 2889 filioe
355 2828 455 2907 Sethi,
477 2830 614 2907 Enochi,
636 2839 667 2890 et
687 2831 797 2906 Enoei,
818 2830 911 2892 verbe
933 2840 1004 2892 eunt
1024 2829 1116 2890 haec:
1150 2829 1192 2892 Ol
1209 2832 1268 2893 rod
1288 2823 1362 2907 Σὴθ

254 2915 306 2978 ναὶ
318 2911 411 2996 Εναὶχ
431 2915 484 2978 καὶ
504 2912 596 2989 mate
615 2916 722 2988 παῖδες
741 2914 806 2978 υἱοὶ
827 2920 907 2979 θεοῦ
927 2917 1128 2992 νυτίσθωσαν,
1149 2914 1260 2988 οἵτινες
1273 2908 1361 2976 olliv-

254 3022 302 3073 τες
323 2993 471 3084 αἷκολαυίγι
491 2997 565 3082 πρὸς
585 2995 640 3074 τας
660 2997 831 3083 θυγατέρας
854 3003 938 3065 Koria
959 3002 1121 3081 εἰσῆλθον,
1150 3000 1182 3076 ἐξ
1204 2992 1248 3063 ὧν
1276 2998 1310 3061 οἱ
1328 2997 1360 3061 ἐν

253 3088 309 3166 τῆς
335 3080 522 3165 multifluo
550 3086 726 3169 μιαιγαμίας
754 3087 892 3167 γίνονται
919 3088 1056 3170 γίγαντες
1083 3081 1134 3148 deci
1162 3082 1219 3166 μὲν
1240 3083 1360 3146 δίκαιον

255 3168 372 3252 ἰσχυροὶ
393 3168 445 3232 καὶ
465 3168 614 3254 μέγισται,
641 3167 692 3235 deni
719 3167 753 3233 dd
774 3169 829 3236 cdv
851 3168 959 3236 ἄδικον
978 3170 1031 3234 καὶ
1052 3170 1198 3253 βέβηλον,
1230 3166 1362 3249 πονηροὶ

253 3256 306 3318 καὶ
338 3252 482 3320 κάκιστοι.
526 3255 626 3332 sethi,
662 3255 794 3331 Enochi,
834 3257 925 3317 Enoai
956 3257 1045 3318 liberi
1074 3255 1280 3335 lntelligantur
1306 3253 1359 3312 filii

253 3341 319 3401 DEI
346 3342 437 3417 dicti,
467 3342 520 3419 qui
551 3343 631 3422 cepti
660 3361 761 3403 amore
784 3342 914 3403 filiarum
943 3341 1029 3402 Caini
1056 3341 1186 3402 incaetae
1208 3361 1277 3400 cum
1298 3339 1360 3399 illie

251 3428 371 3507 nuptiae
393 3428 590 3507 copularunt,
611 3448 649 3487 ex
672 3427 782 3507 quibne
801 3428 868 3499 nati
890 3437 962 3489 eunt
980 3427 1140 3506 Giganteo,
1161 3434 1288 3506 propter
1307 3444 1360 3506 pe-

250 3520 313 3572 tree
335 3511 456 3592 quidem
474 3512 583 3593 juetoe,
605 3514 698 3575 sortee
720 3523 751 3573 et
772 3513 984 3593 procerieeimi,
1007 3521 1136 3594 propter
1148 3512 1274 3571 Geinum
1286 3528 1358 3571 vero

250 3597 387 3678 iniquum
409 3608 439 3658 et
460 3599 602 3676 sanguine
625 3598 728 3659 fratrie
748 3598 953 3678 inquinatum,
977 3598 1109 3681 improbi
1131 3596 1320 3677 peaeimique.

337 3683 427 3757 Quod
450 3684 633 3764 ecripturem
656 3685 764 3744 attinet
785 3685 868 3764 apud
890 3685 1079 3765 septuaginta
1105 3684 1263 3762 legebatur
1287 3680 1356 3741 olim

251 3765 372 3852 ἄγγελοι
384 3775 478 3845 θεοῦ,
506 3768 694 3848 quae-hodie
713 3770 744 3828 in
768 3768 919 3830 Carafiana
941 3789 1002 3829 non
1024 3777 1125 3845 extat,
1146 3770 1199 3829 eed
1220 3768 1264 3828 ita
1284 3766 1357 3826 eori-

249 3863 337 3935 ptum
367 3855 457 3915 fuieee
471 3863 613 3915 tentatur
644 3856 678 3914 1).
696 3853 900 3932 Augustinne,
930 3854 1063 3935 Cyrillue
1092 3854 1204 3915 etalii.
1248 3850 1355 3931 Aquila

205 3996 206 3999 ,
250 3941 342 4021 vertit
363 3939 440 3999 filine
462 3941 609 4020 Deorum,
631 3941 652 4000 i.
676 3961 701 4002 e.
724 3940 898 4019 angelornm
920 3940 969 4001 vel
990 3948 1172 4003 sanctornm.
1214 3939 1355 4019 Symma-

250 4024 327 4085 ohne
358 4024 412 4084 filii
442 4020 616 4106 principum
643 4025 707 4088 eloi
734 4030 798 4088 noio
826 4021 1082 4089 δυναστευόντων.
1124 4032 1231 4084 auctor
1259 4020 1355 4082 nonni

250 4109 387 4170 chronici
414 4120 575 4189 utramque
603 4111 763 4175 lectionem
790 4111 941 4190 agnoecit,
976 4111 1029 4171 eed
1051 4109 1174 4170 eandem
1196 4107 1355 4186 utrimque

250 4197 492 4276 explicationem.
516 4196 641 4256 Damnat
663 4217 737 4257 vero
756 4197 809 4277 qui
831 4198 974 4258 caeleatee
992 4196 1117 4276 epiritue
1131 4195 1243 4254 docent
1255 4211 1354 4252 amore

201 4289 235 4341 18
251 4280 444 4342 faeminarum
474 4290 587 4360 captos.
630 4283 727 4342 Fuere
750 4284 828 4342 enim
858 4284 911 4362 qui
934 4281 1069 4342 dicerent
1090 4289 1210 4341 unctor
1233 4278 1356 4358 angelon

253 4364 291 4424 de
315 4369 398 4428 caelo
422 4369 592 4449 puellarum
614 4387 715 4428 amore
735 4368 852 4428 senoina
873 4368 1080 4445 deecendieee3
1103 4385 1214 4446 eoaque
1236 4385 1274 4426 ex
1294 4382 1354 4424 ne·
