2996 4898
260 321 336 400 tte
471 299 474 306 ’
691 323 935 391 uorau
1064 382 1067 387 ,

259 487 375 570 iuquit,
407 496 476 551 suta
497 507 552 549 nos
572 486 623 549 alii
643 487 854 565 adverterant,
874 487 957 548 illam
979 508 1040 548 nou
1061 508 1078 547 a
1099 487 1212 549 Chrieti.
1235 487 1367 551 Crucifi-

260 577 371 648 xione,
393 583 428 633 ut
448 582 537 654 putat
556 573 726 648 Victorius,
747 573 802 633 aed
822 597 840 633 a
853 575 1012 653 .·Baptismo
1035 573 1163 648 deduci,
1191 594 1290 654 eoque
1313 594 1368 634 re-

261 660 326 720 riue
349 668 439 738 atque
455 657 657 740 prudentius,
685 658 814 719 triennio
835 659 955 719 tardius
976 681 993 718 s
1016 676 1089 721 vero
1113 658 1266 720 Passionis
1288 678 1367 718 anuo

260 754 292 805 et
313 744 480 807 Indictione
501 764 544 805 ιν.
564 744 597 804 id
618 753 663 804 eet
684 745 722 804 ab
744 763 823 803 anno
844 745 964 823 vulgari
985 743 1099 805 Chrieti
1119 762 1212 805 xxxi.
1248 744 1367 804 Periodi

263 829 451 891 Victorianae
480 838 587 908 quarto
618 830 854 905 advocaverant,
894 829 939 890 uti
971 829 1111 908 pluribus
1139 829 1368 890 characteribus

261 915 351 976 docet
380 914 459 976 idem
489 914 670 977 chronicon.
722 914 806 974 Unde
836 935 904 976 cum
933 913 994 975 hoe
1022 936 1102 975 anno
1130 913 1245 974 Christi
1271 934 1368 974 unxit.

261 999 369 1060 indict.
388 1021 420 1061 x.
447 1000 575 1081 primam
607 999 756 1081 expletam
787 1000 944 1080 periodum
974 1000 1105 1075 scribat,
1139 1019 1252 1058 annum
1280 1000 1367 1059 illum

243 1086 413 1165 ,evolutum
444 1085 601 1165 intelligit,
619 1105 756 1167 ,prorsus
785 1095 821 1145 ut
849 1086 980 1166 primum
1006 1080 1152 1166 repetitae
1172 1084 1295 1165 periodi
1317 1105 1369 1143 au·

259 1190 333 1231 num
354 1190 423 1230 cum
444 1190 552 1232 uuxua.
575 1180 757 1252 componat:
779 1170 915 1250 alioquin
936 1180 988 1230 aut
1007 1190 1069 1232 uno
1092 1191 1171 1232 anno
1194 1169 1296 1231 miuus
1320 1168 1368 1229 di·

261 1266 359 1339 ceret,
389 1264 442 1315 aut
468 1256 641 1316 Passionem
670 1276 730 1317 nou
762 1256 800 1316 ab
829 1256 998 1317 ludictione
1021 1277 1065 1318 rr.
1093 1264 1124 1316 et
1144 1275 1225 1316 anno
1247 1253 1369 1315 iuliano

260 1361 365 1402 mur.
389 1360 476 1419 quem
496 1350 596 1402 tamen
617 1350 664 1402 tot
685 1341 765 1401 notis
788 1341 970 1421 designavit,
992 1342 1171 1416 advocaret,
1194 1338 1249 1400 aed
1273 1339 1312 1399 ah
1332 1360 1368 1400 eo

261 1425 314 1505 qui
334 1427 473 1506 proxime
495 1426 665 1487 Paesionem
687 1427 858 1487 antevertit.
902 1425 978 1488 Vide
1000 1447 1077 1508 quae
1099 1425 1215 1487 dehac
1238 1425 1369 1487 Perinde

160 1562 163 1573 .
261 1520 439 1571 annotamus
459 1511 492 1570 in
513 1511 872 1574 Praelationeu.xxxr1.
1050 1510 1056 1521 “

348 1598 584 1673 Pog.686·17.
632 1599 693 1658 Τοῦ
722 1594 811 1677 ἁγίου
834 1595 1022 1681 Γρηγοοίοο]
1052 1597 1099 1657 Ex
1127 1595 1276 1675 Gregorio
1305 1595 1369 1654 Na·

260 1680 405 1741 aiauzeno
428 1681 510 1741 Oret
531 1701 567 1743 11.
589 1679 627 1759 de
648 1679 772 1742 Pascha.
1054 1692 1057 1701 ’
1127 1681 1131 1684 ’

150 1766 245 1824 1’602
348 1771 419 1845 Peg.
443 1769 517 1832 686.
539 1771 590 1833 22.
633 1765 698 1831 mel
727 1764 762 1830 td
793 1761 845 1829 stt'.
876 1766 959 1847 icoc]
993 1765 1046 1826 Vir
1074 1765 1181 1825 doctus
1210 1763 1273 1825 hoc
1302 1765 1368 1824 loco

255 1872 318 1932 ,Ρϊο
340 1848 393 1914 ιθ’.
416 1852 540 1932 reponit
560 1846 598 1931 η’.
621 1871 659 1911 ex
683 1872 751 1933 pag.
772 1858 844 1919 219.
865 1858 937 1917 221.
967 1863 998 1912 et
1023 1851 1102 1911 infra
1130 1872 1187 1931 pro
1208 1845 1248 1930 η’.
1270 1870 1368 1930 repo-

260 1936 306 1997 nit
334 1931 377 1999 e‘.
419 1936 492 1997 Mox
522 1956 580 2017 pro
607 1930 645 1999 α’.
672 1936 794 2017 reponit
821 1932 866 2018 β.
901 1937 984 1998 Ηοοο
1011 1937 1164 2019 expendat
1190 1936 1243 1996 cui
1272 1935 1367 1996 otium

261 2020 330 2083 erit.
355 2050 360 2059 ’
1176 2056 1180 2059 -

346 2104 419 2182 Peg.
440 2109 512 2171 687.
534 2110 585 2170 tr.
633 2100 673 2168 Td
695 2099 750 2188 κγ’.
775 2098 889 2187 μόνον]
924 2096 1054 2167 Notatur
1075 2104 1127 2175 hic
1148 2125 1246 2166 annus
1267 2105 1301 2165 in
1322 2105 1369 2165 lu-

257 2190 427 2270 scriptioua
460 2191 660 2255 Berenuenai·
680 2189 760 2272 apud
788 2191 973 2269 scaligerum
1000 2192 1053 2252 lih.
1082 2210 1113 2250 v.
1145 2189 1182 2249 de
1210 2191 1367 2250 Emendat.

261 2287 355 2356 temp.
369 2295 445 2354 apag.
461 2278 538 2340 ⁴886.
559 2275 629 2357 Imp·
648 2268 768 2338 Domino
781 2278 935 2339 Iustiniana
955 2276 1013 2336 PP.
1025 2279 1097 2354 Aug.
1108 2295 1179 2334 anno
1190 2280 1368 2339 ennecone

253 2368 354 2431 ,oclooo
367 2361 401 2421 P.
418 2358 566 2423 &Batti
582 2382 653 2422 anno
666 2364 789 2422 ainana
803 2365 896 2437 tertio,
913 2361 1014 2422 Iduum
1033 2362 1170 2422 tutonem
1187 2362 1251 2422 Ina.
1266 2362 1366 2422 dnode-
1478 2386 1479 2441 ss

261 2451 332 2509 nno
349 2446 425 2506 Rau.
452 2442 525 2506 »Ubi
546 2446 678 2525 Scaliger
695 2447 808 2524 edidit,
833 2466 902 2508 annu
921 2450 1044 2515 tricasino
1063 2450 1140 2506 tenio
1157 2444 1258 2507 Iduum
1274 2448 1365 2508 Julio·
1478 2448 1479 2463 ¹

260 2551 329 2593 runt.
372 2530 431 2593 Sed
459 2549 565 2592 vocem
593 2536 671 2592 tertio
697 2532 916 2613 adjungendam
943 2536 1066 2593 vicesimo
1090 2531 1207 2593 indicet
1222 2533 1365 2593 >indictio

261 2638 318 2677 ιιι.
339 2617 382 2677 ita
403 2626 439 2677 ut
461 2626 531 2679 ante
551 2637 659 2678 rocem
680 2616 781 2679 Idmon
800 2620 910 2685 omissa
931 2618 1010 2679 torte
1037 2618 1079 2679 eit
1107 2616 1185 2695 alia,
1212 2619 1288 2698 prid
1310 2618 1366 2677 nisi

262 2703 338 2765 Cod.
355 2703 547 2784 praetulerit,
570 2698 614 2766 ld.
634 2703 691 2763 tut
837 2700 840 2707 ’
1069 2753 1071 2757 ,

349 2792 419 2865 Pag'.
440 2790 513 2854 687.
537 2791 587 2853 19.
631 2789 789 2851 Ioooriroo
810 2785 881 2852 νέου
902 2783 938 2851 cd
956 2782 1116 2870 δεύτερον]
1139 2787 1220 2849 Fasti
1238 2789 1366 2850 Voeeia·

262 2872 295 2931 ni
315 2871 376 2931 hec
398 2892 478 2931 auno
499 2869 571 2933 Chr.
589 2893 697 2933 unxvr.
719 2872 843 2937 hahentt
870 2875 1027 2939 Ιοοσοίνου
1048 2866 1230 2957 Ao'potsno
1251 2868 1365 2955 μόνον·

261 2956 371 3016 deinde
392 2976 471 3016 anno
493 2977 624 3017 uuxvnr.
648 2959 805 3021 Ioouriron
826 2962 884 3021 roei
907 2953 983 3043 Aly.
1010 2955 1044 3025 td
1064 2954 1098 3039 ῥ’.
1122 2953 1237 3037 μόνον·
1268 2961 1311 3020 ita
1332 2967 1365 3019 ut

262 3060 356 3103 eunus
377 3035 536 3113 ’ἀνύποπτος
561 3040 739 3107 intercedat
782 3043 893 3107 ,Verum
914 3043 981 3124 jure
995 3054 1149 3123 ‹quaerunt
1171 3045 1231 3105 viri
1253 3044 1365 3106 eruditi

173 3156 174 3165 ο
261 3126 330 3206 quis
350 3125 402 3185 ille
422 3126 462 3185 eit
485 3125 619 3186 tustinus
638 3127 762 3204 lunior,
796 3129 848 3209 qui
869 3128 929 3188 huc
950 3149 1047 3204 anno,
1075 3130 1241 3195 tnanaiano
1264 3131 1365 3192 adhuc

260 3211 441 3291 imperante,
463 3211 577 3271 Consul
597 3213 646 3273 vel
664 3214 795 3294 primum
817 3216 866 3276 vel
881 3215 1054 3283 ,secuudum
1078 3215 1185 3295 tuerit,
1216 3235 1364 3295 cumpro
1478 3268 1479 3277 ,

263 3306 346 3358 certo
373 3296 427 3366 eit,
442 3296 591 3377 *quandiu
613 3299 648 3357 'is
677 3300 755 3359 vixit
782 3309 853 3380 post
874 3301 1069 3369 Consulatum
1092 3302 1195 3368 Basilii
1221 3302 1363 3378 iunioris,

246 3383 359 3442 ¹nullos
377 3382 456 3445 ‘alim
479 3394 596 3444 creator
615 3386 769 3449 Consules.
812 3385 897 3445 Unde
919 3386 1001 3463 apud
1023 3385 1266 3453 continuatorem
1288 3387 1365 3449 tlar-

262 3468 388 3542 cellini,
413 3477 443 3527 et
473 3468 599 3529 Marium
629 3470 877 3547 Arentia-ensem,
904 3469 955 3530 hic
977 3490 1072 3531 annua
1092 3471 1133 3543 ite
1157 3472 1307 3550 signatur:
1330 3472 1362 3532 P.

265 3552 716 3616 C.Bosdiixxv.Indict.x1v.
758 3556 862 3616 iterati
891 3565 975 3615 certe
1000 3558 1179 3618 Consulatus
1200 3570 1274 3619 nuta
1295 3577 1363 3638 spe·

258 3645 345 3696 ctare
371 3638 527 3699 rideretur
552 3640 703 3702 lustinum
723 3640 884 3725 duuiorem
913 3641 1191 3719 Germaniarum,
1221 3645 1274 3724 qui
1297 3645 1362 3707 Coe.

261 3720 322 3780 luit
342 3742 423 3781 auno
438 3743 508 3785 uxr.
529 3726 641 3803 quique
661 3726 778 3789 Jmtino
798 3727 920 3793 iuniore
939 3728 1104 3806 imperante
1122 3728 1248 3790 demum
1269 3730 1364 3789 inter-

261 3807 358 3866 fectue
381 3807 457 3883 fuit,
482 3828 551 3871 cum
572 3810 702 3891 Sophiae
724 3811 877 3889 Augustae
899 3812 1002 3875 odium
1023 3813 1208 3874 incurrisset.
1250 3813 1364 3875 Deinde

260 3891 377 3971 primus
399 3893 584 3963 Consulatus,
600 3896 709 3959 luetiui
730 3896 860 3959 luuiorle
881 3897 1091 3978 Imperatoria,
1121 3900 1152 3958 iu
1181 3898 1244 3961 hoc
1264 3899 1364 3960 Chro-

260 3978 331 4052 nico
360 3986 389 4037 et
415 3979 498 4057 apud
526 3981 654 4041 Marium
680 3978 1049 4059 tvennoenamtnao
1075 4004 1099 4045 1.
1134 3983 1200 4064 ejus
1233 3985 1362 4066 inperii,

261 4061 369 4127 indict.
384 4082 435 4123 xv.
456 4065 570 4143 primus
589 4066 711 4133 videtur
731 4067 800 4129 dici.
843 4067 928 4131 Unde
950 4068 1099 4145 conjicere
1117 4069 1243 4149 liceret,
1263 4069 1363 4148 inquit

261 4146 416 4224 Neritius,
445 4148 537 4211 alium
559 4151 598 4213 ab
622 4152 756 4230 tugano
777 4153 928 4214 lustinum
947 4154 1091 4231 intelligi,
1119 4154 1178 4217 uisi
1211 4163 1364 4219 coenaret

259 4231 593 4297 lustinum-iuniorem·
612 4238 687 4318 tmp.
709 4238 909 4301 intermissam
937 4239 999 4305 diu.
1013 4239 1209 4303 Consularem
1229 4243 1364 4321 dignita·

254 4325 335 4378 ,tem
350 4339 368 4377 a
381 4319 562 4383 ,tuedniano
591 4331 656 4385 tum
674 4323 830 4402 *priauuu¹
846 4344 968 4387 numum
998 4324 1198 4402 instaurasse,
1231 4329 1363 4407 indeque
