2992 4894
546 319 857 387 PRAEFATIO.
1211 330 1261 404 89

151 501 298 569 conant,
320 493 431 571 quibus
452 495 531 554 forta
552 494 586 553 id
605 495 705 574 operis
727 494 837 556 emribi
857 494 968 576 possit,
990 493 1068 556 acin
1081 497 1186 578 primis
1197 494 1262 560 Ms-

151 578 296 639 tredorus
312 578 471 640 Marcionis
485 588 584 640 secus
599 581 777 661 Presbyter,
800 580 889 662 cujus
903 582 1037 643 meminit
1048 583 1195 644 Eusebius
1210 581 1262 669 ¹)e

150 664 347 725 Metrodorus
363 667 452 726 Persa
473 665 691 747 Philosophus,
715 669 767 746 qui
781 667 820 727 ab
843 666 963 747 piatatis
979 668 1228 729 existimationem
1243 692 1261 731 a

151 751 350 810 Constantino
370 753 492 830 Magno,
528 772 587 831 quo
608 752 729 812 domum
752 752 918 832 imperante
941 752 1067 831 agitatae
1084 756 1261 834 praesertim

149 836 222 895 illae
242 837 281 897 de
300 836 445 898 Pescbate
469 839 708 915 controversias,
735 838 814 898 intra
840 839 946 899 Palatii
965 839 1095 899 sacraria
1113 840 1261 901 admissus

149 922 273 999 legitur.
315 923 375 982 Sed
391 944 428 983 an
449 924 531 983 illius
552 923 697 1002 ejusmodi
713 926 884 985 institutum
905 924 1054 1001 extiterit,
1077 924 1214 987 dubitare
1227 926 1262 985 li·

147 1017 223 1066 ceat
241 1029 279 1068 ex
291 1007 329 1068 iis
345 1026 421 1088 quae
442 1008 480 1068 ds
493 1030 531 1070 oo
551 1020 674 1070 narrant
688 1010 843 1070 cedrenus
858 1020 888 1070 et
908 1012 1084 1090 Anonymus
1103 1010 1136 1070 in
1147 1010 1259 1075 chrona

150 1093 213 1151 MS.
227 1094 265 1152 ab
279 1093 396 1155 Adrano
410 1095 450 1154 sd
463 1095 588 1155 Leonem
602 1096 767 1175 sapientem
778 1115 905 1162 sn.xx1.
921 1096 1053 1173 ejusdem
1067 1097 1263 1158 Constantini.

149 1178 297 1239 Occurrit
312 1191 468 1260 praeterea
480 1181 670 1242 Metrodorus
685 1182 852 1262 Episcopus
863 1183 895 1242 in
912 1181 1024 1243 Chron.
1038 1181 1173 1242 Paschali
1184 1182 1262 1242 inter

151 1263 229 1322 ulios
247 1265 431 1345 Episcopus,
467 1266 612 1346 equibus
636 1267 792 1329 damnatus
815 1277 860 1329 est
881 1268 1083 1331 Macedonius.
1127 1268 1262 1327 Alterius

151 1347 282 1427 danique
303 1351 470 1412 Metrodori
492 1355 547 1412 sub
559 1354 677 1412 iuliano
698 1364 728 1413 et
740 1354 865 1412 Joviano
883 1354 1069 1429 Ammianus,
1092 1363 1121 1413 et
1137 1353 1262 1413 alterius

150 1434 277 1513 insignis
291 1436 494 1498 Mathematici
507 1449 537 1499 et
553 1440 746 1498 Grammatici
760 1440 815 1498 sub
827 1439 1014 1512 Iustiniano,
1044 1437 1186 1515 Agathias
1201 1458 1262 1498 ms·

149 1520 314 1582 miseruut.
358 1523 417 1582 Sed
435 1524 571 1603 quisquis
587 1526 679 1585 luerit
698 1525 890 1584 Metrodorus
908 1526 964 1584 iste
980 1523 1160 1601 Photisnus,
1183 1524 1263 1582 ecri-
1281 1520 1358 1580 V'ti
1424 1590 1429 1593 ,

149 1615 224 1686 ptor
247 1608 387 1687 antiquus
408 1608 548 1686 videtur,
583 1610 724 1695 idemque
744 1611 982 1685 Alexandrinus,
1017 1612 1067 1671 vel
1086 1611 1264 1689 Aegyptius,

152 1700 217 1749 tum
235 1694 320 1771 quod
339 1714 438 1754 aarum
459 1694 687 1772 Diocletianum,
717 1716 793 1776 quac
813 1696 1087 1756 Alexandrinorum
1104 1704 1169 1755 erat
1187 1715 1263 1775 pro-

149 1777 238 1855 pria,
260 1778 373 1857 diuque
391 1781 555 1841 interillos
575 1783 721 1859 obtinuit,
747 1783 838 1842 unice
858 1791 991 1842 sectatus
1014 1781 1070 1856 sit,
1092 1789 1156 1838 tum
1178 1779 1262 1857 quod

150 1860 277 1923 Photius
296 1865 408 1925 scribet
427 1866 527 1946 ipsum
547 1867 700 1946 collegisse
719 1864 796 1929 nord
815 1863 873 1948 τὴν
893 1865 1056 1949 λεγομένην
1078 1860 1191 1947 ἀκριβῆ
1209 1869 1264 1943 σῆς

148 1946 471 2038 τεσσαρεσκαιδεκάτης
490 1955 691 2031 ψηφιφορίαν
711 1951 840 2034 ἡμέρας,
860 1947 920 2015 dou
938 1949 972 2015 sd
990 1953 1092 2014 danais
1115 1949 1264 2029 ἕσρταστιι

151 2029 227 2107 κάς,
252 2035 410 2096 Paschales
431 2037 548 2098 scilicet
564 2038 769 2115 Festivitates,
791 2040 878 2113 licet,
899 2037 1002 2097 subdit
1022 2037 1090 2111 ille,
1114 2031 1184 2097 oiire
1205 2037 1265 2096 νῦν

151 2118 309 2197 ἐκκλησία,
333 2117 404 2184 orire
426 2121 450 2203 ἦ
461 2120 575 2185 παλαιοὶ
597 2117 766 2201 παράδοσις
784 2119 910 2197 sedante
931 2125 1075 2200 φαίνεται
1085 2119 1263 2202 κεχρημένη.

154 2204 244 2263 Unde
255 2215 336 2285 patet
349 2218 525 2287 computum
542 2209 623 2268 illius
639 2209 884 2269 Ecclesiasticum
898 2229 933 2268 ac
947 2207 1119 2271 Pasohalonr
1133 2226 1196 2267 oon
1212 2224 1265 2264 us-

150 2306 333 2371 quequaque
344 2294 382 2355 ab
395 2293 534 2355 omnibus
548 2294 643 2356 fuisse
657 2304 822 2373 receptum.

236 2496 364 2561 XXXII.
408 2499 532 2581 Quippe
550 2509 621 2581 post
639 2500 765 2579 agitatas
791 2496 908 2558 illasio
929 2494 1054 2574 Synodo
1074 2493 1205 2554 Nicaena
1225 2488 1314 2563 del)e
1330 2489 1413 2560 ⁰5⁰¹⁰

148 2580 298 2642 Paschate
320 2586 558 2665 disputationes,
581 2607 690 2666 magno
703 2585 805 2645 extitit
825 2586 855 2643 in
869 2583 950 2645 omni
965 2576 1116 2659 Ecclesia,
1142 2575 1370 2647 Proeto-⁰¹¹¹¹¹·
1384 2576 1431 2681 ’Ἦ

150 2667 197 2727 rio
221 2689 259 2729 oc
275 2666 394 2729 Palatio
414 2670 573 2758 confusio:
597 2669 705 2730 diversi
716 2672 784 2730 item
807 2665 886 2752 cycli
900 2691 955 2755 per
971 2680 1064 2728 totum
1083 2663 1181 2741 orbem
1201 2644 1413 2755 dis-ffifflgu

138 2751 254 2838 jasiel
270 2750 468 2832 disseminati,
491 2760 543 2840 qui
559 2759 646 2819 etrum
661 2748 945 2816 Alexandrinorum
960 2753 1076 2811 animos
1092 2753 1265 2810 inconcusse

147 2835 357 2919 possederunt,
381 2850 414 2900 ut
434 2850 561 2904 testatur
579 2841 710 2921 Cyrillus
723 2839 964 2903 Alexandrinus:
998 2834 1085 2916 quasi
1103 2835 1184 2895 dicat
1204 2842 1266 2893 tam

149 2923 390 3004 Alexandrinos,
412 2948 502 3005 quarn
516 2928 608 3004 alios,
631 2944 688 2985 nec
700 2947 802 2985 omnes
818 2925 922 2984 eodem
937 2944 1008 2981 usos
1025 2922 1127 3002 cyclo,
1151 2920 1267 2981 scilicet

150 3009 242 3087 cyclo
256 3031 548 3090 nxxx11.ann0rum,
571 3013 660 3090 'quern
677 3013 819 3090 Magnum
834 3029 945 3069 annum
958 3008 1049 3084 vulgo
1061 3016 1181 3066 vocant.
1204 3006 1267 3064 riu-
1286 3004 1308 3058 P
1325 3006 1361 3059 27

151 3104 220 3152 ctor
234 3105 278 3155 est
295 3096 371 3157 enim
386 3096 554 3176 Anatolius,
576 3098 714 3157 Patribus
735 3096 871 3156 Nicaenis
884 3092 989 3175 paullo
1002 3094 1150 3175 superior,
1174 3091 1267 3149 fuisse

151 3178 187 3237 in
211 3180 336 3240 diversis
360 3182 502 3244 Ecclesiis
520 3184 612 3261 alium
634 3184 752 3262 cyclum
786 3191 875 3259 atque
897 3179 1004 3253 alium,
1049 3178 1142 3237 alium
1160 3175 1266 3250 Gallis,

150 3263 247 3322 alium
266 3265 432 3344 Africanis,
455 3269 548 3329 alium
570 3268 632 3327 suis
648 3268 748 3347 Syris,
771 3277 801 3326 et
817 3266 921 3325 forsan
943 3262 1164 3322 Alexandrinis.
1206 3258 1267 3318 Te-

152 3359 252 3410 statur
274 3353 362 3411 etiam
381 3353 523 3415 Chronici
536 3353 690 3414 Paschalis
713 3354 845 3433 scriptor
857 3349 893 3428 ²)
919 3348 1075 3408 Paschales
1096 3346 1199 3426 cyclos
1216 3366 1268 3402 an-

149 3456 261 3495 norum
275 3459 397 3499 nxxxu.
411 3462 428 3498 a
442 3440 581 3521 plurimis
597 3461 660 3498 esse
674 3438 858 3516 descriptos,
882 3435 1038 3513 mixtoque
1055 3452 1124 3491 cum
1139 3431 1268 3490 veritate

149 3523 311 3583 mendacio
327 3516 463 3585 scandali
478 3525 629 3587 acturbae
643 3524 817 3604 praebuisse
835 3520 1005 3598 occasiones
1019 3516 1267 3613 simplicioribus.

152 3607 289 3693 Cumque
303 3609 422 3672 nullum
435 3611 581 3673 hactenus
594 3611 767 3681 invenisset,
781 3607 835 3687 qui
847 3604 1005 3686 scripturis
1020 3604 1112 3663 sacris
1126 3604 1157 3660 in
1174 3622 1268 3661 omns-

150 3691 209 3752 bus
224 3695 411 3773 conveniret,
433 3699 525 3758 alium
537 3696 686 3777 ejusmodi
700 3704 793 3755 semet
808 3693 970 3779 confecisse
985 3689 1096 3750 subdit.
1141 3686 1269 3766 Cyclum

151 3790 252 3840 autem
267 3781 360 3841 istum
380 3783 526 3862 jamenta
548 3782 732 3854 victorium,
755 3801 842 3861 quem
860 3780 991 3858 primum
1009 3774 1194 3851 excogitasse
1206 3791 1268 3829 vo-

151 3865 220 3923 lunt
234 3867 367 3944 Scaliger
380 3866 414 3944 3)
437 3879 468 3929 et
483 3869 551 3946 alii,
574 3867 708 3927 extitisse
723 3864 806 3945 apud
825 3863 1009 3937 Orientales,
1029 3860 1099 3920 inde
1113 3866 1267 3937 praeterea

153 3951 273 4031 colligit
289 3951 473 4030 Bucherius,
498 3952 581 4035 quod
594 3951 802 4033 Theophilus,
824 3950 876 4029 qui
899 3949 955 4008 sub
968 3942 1139 4017 The0d0⁸i⁰
1158 3941 1266 4019 M³8¹¹9

190 4211 221 4275 ι)
244 4208 301 4261 uin.
320 4206 345 4261 4.
360 4207 433 4270 Hist.
445 4226 471 4262 o
492 4212 515 4264 l.
539 4205 645 4262 ffleron.
663 4206 691 4258 in
708 4204 806 4259 curos.
825 4202 936 4261 (dodran
954 4218 981 4269 p.
1000 4197 1061 4254 295.
1078 4195 1137 4247 bib.
1155 4192 1181 4246 5.

188 4281 225 4419 :i
241 4278 520 4402 ppibltpqegap.ssmessd‘
539 4341 617 4416 t'anp.
633 4361 660 4414 p.
677 4345 738 4399 559.
793 4310 795 4315 Ι
