3010 4904
336 368 391 433 AD
418 363 665 434 CHROMGUM
688 358 1032 430 ALEXANDRINUM.
1158 356 1234 433 553

216 531 274 593 Nos
294 529 551 595 *commumoni
577 534 744 606 ooeauiauq,
772 532 838 610 quia
858 531 905 590 illc
924 550 943 589 a
964 529 1098 588 &occulo
1119 519 1400 608 quodom'chmt

128 626 282 699 occeptum,
315 627 341 680 et
367 639 448 679 nomos
474 639 525 678 aaa
552 618 710 699 ducrc‘ptam
737 618 812 676 nobis
840 618 1048 677 communicavit.
1091 606 1399 715 Quidquid‘ffstffig'

129 709 218 783 igitm
239 707 301 765 inci
318 725 352 765 cc
372 704 569 785 eoo-sorrogtoe
589 705 697 763 hoan'ri
712 705 829 782 poterit,
848 701 896 761 illi
915 707 1051 780 acceptant
1067 699 1152 780 seret,
1174 719 1256 781 cume
1277 696 1399 784 ἐγω

129 795 217 851 tenuis
243 791 355 870 fractos
377 811 428 850 non
454 794 509 866 sit,
537 793 586 867 qui
604 809 638 849 oc
659 790 707 848 lsoc
728 788 850 847 chroroico
871 785 966 865 colligi
982 793 1077 867 potest.
1120 786 1234 845 Erroror
1294 798 1380 852 (ιρι-ι..

132 877 376 956 Osilcograplticoa,
398 878 447 954 qui
465 880 495 935 in
514 877 564 935 illo
583 881 696 948 extant,
719 880 825 933 matare
843 873 993 948 nolscimns,
1017 872 1087 952 qnod
1107 892 1155 931 nos
1175 891 1234 930 ouo·
1247 886 1306 922 num
1323 867 1394 937 q¹1⁰d

127 981 230 1037 mnus,
250 983 283 1023 nc
303 969 363 1042 qso’s
383 968 475 1022 errata
492 961 687 1041 typographica
696 952 782 1040 putet.
830 958 1171 1037 Unusquisqqurocnpta
1184 954 1299 1016 asom
1317 954 1392 1021 ΨΜ

123 1049 235 1123 judicio
262 1070 311 1108 nso
339 1069 372 1108 eo
398 1049 535 1107 emendare
558 1049 667 1126 poterit.
709 1046 746 1103 Et
771 1063 821 1102 ·ex
854 1043 1049 1124 praelatione.
1095 1009 1401 1142 Qooedcmr‘iiffiffi

127 1138 213 1194 otioso
230 1155 250 1192 a
270 1135 426 1210 chronologo
445 1136 617 1206 immutante,
642 1151 708 1211 qoos
726 1129 826 1189 Fostos
847 1128 955 1190 Siculos
975 1134 1080 1203 uocant,
1102 1130 1402 1212 latonas.tu10rsm‚0qs.

214 1218 357 1296 intelligis
379 1239 418 1277 ex
438 1216 486 1276 hia
508 1217 581 1297 quid
604 1215 781 1293 chronologi
801 1223 830 1275 et
851 1225 1021 1295 temporum
1043 1216 1236 1293 castigatores
1257 1220 1295 1273 12

128 1303 170 1363 do
191 1302 252 1364 hoc
274 1304 423 1363 Chronico
446 1304 584 1363 sentiant
627 1301 718 1377 Quod
746 1300 879 1380 Scaliger
906 1310 1062 1360 centonem
1084 1321 1121 1359 ex
1134 1301 1235 1360 Euse-
1250 1286 1341 1372 desim,
1359 1288 1393 1340 ⁰¹³

127 1389 182 1448 bio
211 1390 418 1469 potissimum,
448 1398 478 1448 et
504 1388 635 1449 Eusebio
657 1387 826 1466 antiquiore
850 1386 990 1446 Africano
1011 1386 1124 1467 factum
1147 1364 1401 1480 dicatffiffitgssinmffl

127 1475 164 1534 id
185 1474 314 1533 affirmat
335 1485 468 1534 nostram
485 1475 661 1535 sententiam
683 1497 700 1533 a
723 1474 866 1535 Pluribus
878 1472 955 1532 illud
971 1470 1144 1533 auctoribus
1162 1464 1397 1565 0⁰¹¹·Numqusm⁰

128 1560 299 1639 cinnatum,
321 1561 444 1641 quando
466 1580 505 1620 ex
525 1560 694 1643 posteriore
715 1560 835 1619 saeculo
857 1559 944 1639 plura
967 1568 1039 1618 sunt
1059 1556 1184 1641 adjecta.
1241 1571 1327 1689 talqaqn
1344 1564 1396 1649 erit

1285 1653 1299 1688 d
1318 1652 1387 1688 0118·

362 1731 495 1801 QUAE
522 1730 592 1791 EX
618 1728 720 1790 Hoc
748 1725 1007 1788 GHRONICO
1241 1704 1401 1770 ssufflsmullo

1242 1775 1325 1829 minus
1342 1775 1396 1828 Ca-

591 1850 654 1926 jam
674 1854 771 1908 ament.
1120 1856 1122 1865 ’
1246 1844 1385 1899 carbonia-

1285 1931 1353 1968 num.
1407 1954 1409 1961 s

215 1983 320 2044 Nudos
347 1985 441 2046 fastos
470 1986 649 2046 Consulares
678 1983 793 2065 primus
820 1985 933 2044 Graece
956 1993 986 2043 et
1008 1984 1110 2044 Latine
1130 1983 1237 2062 vulga·

128 2070 177 2129 vit
198 2070 367 2132 Panvinius.
410 2071 470 2134 los.
497 2073 631 2150 Scaliger
651 2070 684 2130 in
706 2071 849 2130 thesauro
871 2069 1055 2146 Eusebium,
1078 2069 1237 2129 chronolo-

128 2155 196 2233 gica
218 2175 316 2234 usque
337 2157 376 2216 ad
396 2178 486 2217 xvrrr.
508 2178 620 2218 annum
641 2156 780 2217 Mauricii
793 2156 985 2236 Imperatoris
998 2156 1149 2236 excerptis
1164 2176 1237 2237 pas·

128 2241 187 2299 sim
217 2249 246 2299 et
273 2242 394 2303 insertis
422 2242 555 2303 historiis
585 2243 701 2323 primus
729 2244 842 2302 Graece
867 2250 983 2302 tantum
1011 2241 1123 2317 edidit,
1159 2261 1237 2321 quae

127 2346 200 2406 pars
221 2326 359 2387 trientem
380 2327 448 2387 libri
460 2331 566 2389 totius
589 2330 733 2388 continet.
770 2327 832 2388 Cur
852 2336 1010 2407 sequentes
1023 2328 1146 2409 paginas
1160 2327 1239 2387 omi-

128 2409 202 2470 serit
222 2412 271 2470 vel
293 2412 361 2489 ille,
383 2415 432 2473 vel
454 2414 658 2489 casaubonus,
680 2413 815 2474 divinare
837 2433 898 2473 non
920 2433 1054 2494 possum,
1074 2412 1133 2472 nisi
1155 2411 1238 2493 quod

128 2497 168 2556 de
197 2496 289 2556 sacris
313 2498 492 2577 imaginibus
519 2501 562 2561 ibi
589 2500 684 2559 multa
711 2498 843 2577 mentio,
873 2518 963 2579 quam
991 2499 1101 2581 opinor
1127 2498 1237 2558 icono-

127 2579 226 2641 machi
247 2583 405 2662 refugere.-

213 2666 276 2726 Nos
301 2677 397 2729 totum
420 2689 498 2751 opus
519 2669 556 2729 ab
580 2670 661 2730 Orbe
682 2669 807 2731 condito
829 2677 991 2750 coeptum,
1024 2679 1054 2729 et
1078 2689 1174 2749 nsque
1198 2669 1237 2728 ad

127 2771 209 2813 nnn.
243 2773 354 2817 annum
388 2754 519 2817 Heraclii
553 2756 733 2833 deductum,
768 2757 885 2816 Graece
914 2755 1087 2835 accepimus
1113 2776 1152 2814 ex
1177 2756 1238 2814 MS.

127 2838 203 2900 bibl.
224 2837 434 2921 Augustsnae,
456 2852 619 2923 nostraque
638 2861 727 2902 manu
751 2842 938 2921 exscriptum
959 2861 1139 2921 versumque
1159 2841 1238 2921 juria

128 2922 243 3006 publici
279 2925 412 2988 fecimus.
456 2928 567 2989 desunt
600 2927 662 2989 duo
692 2927 839 2989 duntaxat
869 2928 940 2989 anni
966 2927 1004 2987 ad
1033 2927 1240 3008 inscriptionis

129 3010 330 3089 promissum,
358 3013 426 3090 qui,
457 3015 503 3072 uti
530 3023 659 3075 testatur
687 3014 874 3094 antiquarius
900 3014 1036 3077 Andreas
1065 3012 1238 3075 Darmarius

128 3104 277 3156 vetustate
299 3096 404 3159 aboliti
426 3097 521 3158 luera.

214 3180 389 3261 Adjecimus
411 3182 690 3244 Animadversionss
712 3193 742 3244 et
764 3185 982 3264 castigationes,
1005 3205 1074 3244 cum
1092 3183 1181 3258 enim,
1204 3192 1240 3242 ut

128 3264 292 3326 Panvinius
313 3276 345 3328 et
364 3267 499 3345 Scaliger
512 3269 637 3349 ,experti
659 3280 739 3347 sunt,
762 3270 881 3331 codices
902 3269 1017 3329 mendis
1038 3268 1124 3328 faeda
1146 3268 1238 3327 luisse

129 3351 313 3431 depravatos
340 3353 653 3415 animadvertissemus
676 3356 843 3438 plurimum
869 3355 956 3415 nobis
982 3355 1015 3413 in
1035 3353 1073 3412 iis
1095 3352 1238 3413 curandis

128 3444 159 3496 et
176 3438 327 3497 sanandis
354 3440 413 3498 fuit
438 3439 655 3519 laborandum
683 3442 738 3502 nbi
765 3452 865 3502 tamen
894 3440 978 3500 nulla
1008 3448 1089 3499 certa
1104 3438 1236 3515 'vestigia

129 3520 295 3584 medicinae
324 3523 460 3585 adbiberi
488 3535 671 3606 potuerunt,
705 3526 926 3588 immedicabile
955 3525 1067 3585 vulnus
1095 3524 1237 3584 asteriaco

128 3603 186 3688 *†
208 3609 395 3688 notavimus,
416 3630 455 3670 ne
475 3612 628 3690 ignoraret
647 3613 761 3691 lector,
782 3622 812 3673 et
832 3611 921 3672 fidem
944 3619 1077 3671 noctram
1095 3611 1237 3689 explora-

128 3703 190 3751 tam
211 3693 348 3759 haberet.
391 3696 484 3770 Quod
505 3697 618 3777 siquis
644 3697 882 3759 emendationem
903 3706 1045 3756 notarum
1066 3705 1256 3777 suspectam*

128 3776 290 3853 babuerit,
326 3781 547 3864 autographum
574 3784 634 3846 MS.
664 3784 695 3843 in
725 3782 864 3848 biblioth.
894 3782 1023 3863 Reipub.
1044 3781 1235 3862 Augustanae
1253 3791 1288 3846 1³
1344 3817 1348 3823 ⁴

128 3864 245 3925 cervari
265 3866 355 3943 sciet,
379 3868 419 3927 ad
444 3869 527 3948 qnod
548 3869 711 3951 appellatio
731 3869 797 3929 fieri
816 3868 938 3949 poterit.
999 3900 1003 3907 ·

213 3951 237 4013 1.
280 3972 513 4014 crocmccnxsr.
535 3975 608 4014 anno
628 3957 722 4016 nsandi
742 3957 921 4036 cataclysmus
936 3953 1028 4033 soit]

214 4037 288 4096 Cum
322 4038 482 4120 disciplina
525 4039 783 4120 chronographica
820 4062 881 4101 una
911 4040 950 4100 sit
980 4040 1113 4100 omnium
1141 4041 1237 4100 maxi-

130 4141 176 4183 me
197 4121 341 4202 impedita
366 4134 396 4184 et
417 4145 516 4206 prope
542 4126 778 4205 inextricabilis,
809 4148 871 4187 non
897 4125 1031 4186 tricabor
1061 4146 1128 4186 cum
1157 4127 1238 4185 scri-

128 4207 286 4287 ptoribus3
315 4208 411 4270 nostri
442 4209 668 4292 chronographi
697 4212 845 4273 duntaxat
873 4212 1051 4272 sententiam
1077 4231 1236 4292 exponam,

129 4301 158 4351 et
178 4314 255 4372 quos
275 4293 384 4358 babeat
405 4297 568 4357 sententiae
590 4318 662 4359 suae
684 4308 839 4379 auctores,
863 4306 1044 4374 sectatores,
1065 4297 1238 4358 laudatores

128 4397 295 4460 exponam,
317 4401 395 4461 quos
416 4384 486 4444 item
513 4383 721 4465 refragatores.
