2944 4896
231 328 307 403 ιιι
469 327 652 395 setania
673 324 729 402 no
753 326 1122 424 ιιιιιιιιιιιοιιιιι

229 493 351 576 quidem
364 493 469 554 donem
485 514 562 575 quae
578 492 671 576 Myris
688 495 828 574 pelogam
841 480 1005 558 continent.
1047 495 1131 556 liaeo
1144 500 1215 554 sont
1230 502 1330 554 autem

227 581 350 642 ιιοιιίιιι
363 598 475 642 earum

313 665 465 742 Andrum,
487 666 685 740 Tenoemteo,
706 663 825 742 Naxus,
850 668 946 738 Gens,
975 661 1109 744 Gyas-ua,
1133 665 1238 740 Delos,
1261 665 1330 744 sy-

226 772 302 850 nus,
328 753 444 828 Renes,
472 752 603 850 Cyrnos,
625 750 771 810 Maraton.
821 753 897 811 Sunt
920 760 1020 810 autam
1052 762 1082 811 at
1107 750 1185 810 aliae
1209 749 1329 809 Insulae

226 856 424 918 majoresne.
438 837 615 916 quaestines
631 835 769 895 civitatei
781 834 894 898 habent
913 838 1075 917 plurimas,
1098 855 1175 915 quaa
1185 835 1330 894 dissuitur

211 923 360 1004 ,Spodes3
382 921 415 982 in
432 922 544 1001 quihus
555 920 800 981 inhabitaverunt
812 923 927 982 Graeci.
962 921 1045 981 Haeo
1066 930 1137 981 sunt
1155 930 1255 981 atatem
1271 942 1328 979 no-

225 1011 306 1071 nina
320 1024 438 1069 ιιιιιιιιι
465 1008 605 1082 naban,
633 1009 738 1083 Creta,
768 1007 887 1085 Sicilia,
916 1008 1053 1087 Cyprus,
1082 1008 1178 1082 Coos,
1210 1009 1327 1079 Samus,

225 1094 368 1170 Rhodus,
399 1090 507 1169 Chius,
537 1091 693 1172 Thapsus,
726 1096 868 1171 Lamnus,
900 1093 1029 1168 Lesbos,
1051 1094 1231 1153 Samotrane.
1276 1092 1330 1151 Est

226 1190 326 1240 autem
337 1201 354 1238 a
366 1178 487 1237 boeotia
502 1178 640 1248 Euboea,
654 1180 742 1238 sicuti
755 1180 792 1237 ab
804 1181 877 1240 lone
888 1179 1010 1239 lonides
1021 1178 1164 1237 civitates
1175 1192 1238 1237 ιιι
1254 1177 1328 1238 has·
1380 1248 1383 1255 Ι

226 1265 437 1344 Cladiomana,
465 1263 625 1343 Mitylene,
653 1265 785 1342 Focaea,
812 1266 936 1341 Priene,
965 1266 1059 1344 Eryt,
1088 1266 1217 1337 Sanaos,
1238 1262 1329 1338 Teos,

227 1350 373 1425 Colofon,
396 1349 485 1425 Cius,
508 1351 639 1423 Efesus,
662 1353 808 1430 Smyrna,
831 1349 1011 1427 Besinthus,
1039 1348 1234 1430 Byzantium,
1259 1349 1329 1408 cat

228 1437 346 1511 oedon,
364 1394 482 1493 Pontus
496 1445 526 1495 et
540 1435 655 1495 Amisos
667 1435 770 1497 libera.

311 1478 531 1593 thasmonem,
553 1521 646 1599 quiet
662 1520 967 1599 Citiensium,geutes
981 1512 1329 1580 etinhabitationeshae

227 1613 311 1666 sunt:
336 1604 446 1679 Tusci,
468 1605 657 1675 Emilienaes,
669 1607 787 1667 Picens
796 1607 986 1686 ,Campani,
1000 1605 1190 1686 apulienses,
1208 1604 1329 1663 Lunam.

312 1691 454 1749 dirorum
472 1698 573 1769 gentes
590 1702 619 1752 et
631 1690 863 1753 inhabitationes
882 1692 939 1752 hae
961 1700 1048 1752 stant:
1068 1684 1219 1765 Labdsni,
1240 1689 1329 1765 Cinti,

225 1775 387 1853 Numidae,
410 1777 606 1853 Nasamones,
630 1778 707 1841 san.

310 1861 432 1922 Insulae
450 1873 549 1923 antem
563 1862 621 1922 hae
641 1873 729 1937 sant,
752 1860 988 1942 quaebabentas
1003 1859 1161 1922 civitatess
1180 1860 1328 1934 Sardinia,

187 1976 190 1983 ·
225 1945 365 2022 Corsica,
389 1947 482 2005 Girda
497 1968 573 2028 quae
589 1957 619 2007 at
633 1946 781 2027 Benigga,
805 1949 954 2026 cercyna,
977 1947 1093 2008 Galata.

312 2028 486 2090 Maurorum
507 2042 607 2092 autent
621 2043 724 2111 gentes
742 2042 771 2092 et
786 2031 1018 2092 inhabitationes
1032 2032 1090 2092 hae
1104 2036 1190 2091 sunt:
1221 2030 1327 2091 Musu-

225 2113 303 2189 lami,
324 2116 492 2194 Tingitani,
514 2112 728 2178 caesarienses.

310 2198 511 2281 Hispanorum
526 2213 625 2264 autem
643 2213 745 2283 gentes
768 2212 799 2263 et
815 2198 1047 2262 inhabitationes
1068 2196 1127 2283 hae
1151 2210 1240 2275 sunt,
1260 2202 1329 2280 ay-

223 2288 313 2349 nanni
332 2296 362 2346 et
380 2289 606 2368 harenosum,
634 2291 686 2370 qai
707 2299 738 2349 et
760 2291 1013 2361 Tarraconenses,
1035 2284 1189 2367 Lysitani,
1212 2283 1327 2363 beticii,

223 2373 408 2454 Antryconi,
429 2374 598 2452 Vascones,
622 2377 752 2448 Galleoi,
774 2375 827 2453 qui
843 2385 873 2434 et
889 2375 1022 2433 suares

308 2450 429 2519 Insulae
449 2471 548 2521 autern
570 2478 648 2539 qnae
665 2481 719 2540 pes
721 2460 817 2518 tinent
833 2460 870 2519 ad
885 2458 1064 2541 Rispaniam
1061 2456 1327 2516 Tarraconense·

225 2555 286 2606 nes
301 2554 388 2616 sunt,
408 2563 485 2622 quae
495 2547 693 2626 appellantur
707 2545 896 2605 Valliarioae.
942 2543 1059 2602 Habent
1072 2551 1173 2602 autem
1191 2543 1328 2602 civitates

224 2626 344 2692 vivas
364 2628 468 2690 Ebuso
479 2631 634 2707 ,Palma,
656 2624 821 2707 Pollentia,
849 2650 925 2709 quae
949 2629 1064 2689 dicim·
1083 2628 1244 2710 hlejorica,
1266 2629 1328 2688 To-

225 2734 347 2787 nante,
368 2715 527 2793 Magnana,
550 2716 984 2796 quaeappellatarltlinorica
1041 2734 1044 2738 ·

311 2800 427 2859 Harum
447 2800 666 2860 inhabitatores
684 2800 809 2862 suenmt
825 2802 955 2862 cananei
976 2796 1158 2879 fugientes-a
1168 2796 1246 2858 iooie
1259 2799 1327 2857 Jesu

134 2888 137 2897 “
225 2882 285 2945 lilii
295 2885 402 2944 Nave-1
416 2903 486 2944 nem
502 2886 655 2948 etSidona
672 2888 725 2965 qui
739 2886 941 2948 condiderunt
955 2896 986 2946 et
1001 2887 1060 2966 ipsi
1073 2882 1212 2947 Consum
1233 2883 1327 2947 'Gadis

227 2980 327 3031 antem
341 2969 478 3030 lebusaei
493 2971 711 3047 condiderant,
732 2981 763 3032 et
778 2972 838 3053 ipsi
829 2973 989 3033 similiter
1003 2971 1134 3051 psolugi.

313 3055 473 3115 Gallorum
497 3067 598 3116 antem
624 3057 865 3119 Narbonensium
890 3068 993 3139 gentes
1017 3066 1048 3117 et
1075 3055 1326 3119 inhabitationes:

226 3140 385 3202 Amaxobii
400 3140 675 3204 Graecosarmatae.

311 3226 349 3286 Et
362 3224 419 3285 hos
431 3236 530 3287 antean
550 3222 749 3289 necessarium
765 3230 823 3289 luit
838 3228 993 3291 declarans
1009 3227 1081 3304 tihi,
1105 3228 1325 3306 assignatarum

225 3310 359 3390 gentium
371 3313 540 3391 voeabula,
561 3323 591 3374 et
604 3325 721 3392 gentos,
743 3315 899 3375 manifesta
914 3314 1037 3374 flumina
1051 3317 1214 3392 ignorares

310 3396 458 3478 incipiam
473 3415 546 3477 'ergo
562 3400 664 3460 dicere
681 3400 718 3461 de
733 3402 872 3481 gentihus
887 3400 1068 3462 oboriente

311 3481 486 3544 adiabenici
509 3495 538 3544 et
559 3486 665 3546 'saleni
689 3497 794 3546 contra
819 3486 977 3564 arabiam,
1006 3478 1164 3565 strennui,
1187 3480 1325 3543 Βιιιιιιιί

229 3565 283 3625 alii
294 3565 434 3629 Atalenoe
447 3580 553 3630 contra
569 3571 719 3635 Arabiam.
763 3573 871 3632 Albani
884 3580 989 3632 contra
1002 3568 1084 3650 i'yas
1098 3569 1229 3648 Caspias
1262 3569 1325 3628 Ma·

123 3705 126 3712 .
228 3649 357 3715 dianitae
374 3654 517 3732 majores,
538 3675 614 3735 qnos
633 3658 820 3739 expugnavit
832 3657 968 3738 Moyses,
990 3658 1069 3715 inter
1083 3652 1324 3736 Mesopotamiam

122 3740 124 3751 '
227 3743 259 3796 et
272 3754 354 3797 mare
367 3736 521 3818 Rubrum,
545 3742 647 3803 Minor
660 3753 759 3803 autem
772 3742 901 3804 Mediam
915 3752 959 3802 ιιι
972 3748 1076 3801 nosstsa
1095 3750 1183 3803 mare
1192 3742 1325 3800 Robrum

185 3844 190 3851 ¹
226 3819 313 3903 juxta
328 3821 515 3906 Aegyptum,
534 3828 586 3886 uhi
604 3828 741 3909 regnavst
754 3829 848 3889 Ravel
866 3850 954 3889 socer
966 3828 1082 3907 Moysi,
1104 3828 1201 3909 quiet
1213 3825 1324 3889 tostas

313 3908 422 3969 Contra
445 3913 640 3992 Cappadoces
662 3936 678 3973 a
701 3922 787 3993 parte
807 3913 914 3974 dextra
930 3912 1078 3988 Armenii,
1099 3912 1231 3990 nitent,
1254 3913 1325 3971 sir-

227 3994 310 4068 rani,
333 3994 475 4073 Scytae,
480 3996 600 4074 Colchi,
622 3998 797 4076 Bosforani,
819 4002 909 4074 Sani,
931 3999 984 4078 qui
1006 3962 1199 4079 appillantan
1214 3997 1324 4057 Sanni-

228 4095 278 4136 nes
285 4094 413 4158 nsque
426 4081 556 4140 Pontum
579 4085 791 4159 extendentes,
813 4084 867 4145 ubl
885 4094 932 4144 est
949 4087 1106 4159 scensas,
1129 4084 1281 4158 Absarus,
1298 4090 1326 4147 et

227 4162 445 4243 Sebastopolis,
470 4175 499 4225 et
514 4167 672 4228 Ussilimen
697 4170 778 4251 quod
800 4182 845 4231 est
868 4181 994 4251 portus,
1019 4180 1049 4229 et
1074 4170 1180 4229 Pasias
1203 4170 1323 4241 flumen,

227 4260 322 4327 nsque
337 4249 529 4328 Trapezunto
546 4254 752 4314 extenduntur
769 4254 823 4316 bae
836 4264 947 4335 gentes.
1022 4260 1025 4265 ’
1076 4270 1077 4275 ’

130 4341 154 4393 V
172 4334 228 4398 834
310 4330 429 4395 nomn
441 4344 541 4398 autem
555 4350 626 4400 sant
638 4341 784 4406 nmninati
797 4362 854 4406 ιιιι.
876 4343 1043 4422 caussas,
1064 4334 1199 4419 Tamus,
1214 4337 1322 4412 Atlans,
