2992 4894
545 310 859 382 PRAEFArto.
1203 323 1252 393 38

142 493 202 556 sub
220 491 310 553 finem
331 491 470 552 mutilum
489 490 581 552 fuerit
601 490 772 570 exemplar,
795 487 880 569 quod
892 499 994 550 monet
1012 490 1119 552 editor.
1165 494 1252 561 Certe

145 579 313 662 optandum
333 578 426 655 soret,
446 587 482 637 ut
501 574 577 636 haec
599 577 802 637 Romanorum
816 573 991 635 Pontificum
1012 590 1181 659 superesset
1197 604 1252 644 se.

143 666 223 743 ries,
246 684 315 724 cum
330 664 362 723 in
386 663 479 723 dubio
501 663 542 722 sit
564 682 601 721 nn
622 671 690 721 ente
707 660 789 721 huuc
806 660 986 740 scriptorem
1007 663 1084 723 alius
1099 665 1252 746 antiquior

141 749 255 811 horum
270 749 439 826 catalogum
453 769 488 811 ec
506 755 640 829 tempora
654 746 855 826 descripserit.
899 745 959 806 Sed
970 745 1111 810 damnum
1125 748 1186 812 hoc
1199 775 1253 818 re-

141 835 283 897 sarciisse
304 836 468 913 Georgium
492 833 665 913 syncellum
685 842 773 913 putat
793 831 939 892 Henricus
959 832 1131 895 Dodwellus
1144 834 1193 914 ¹),
1216 851 1253 902 ut

143 922 201 1002 qui
214 921 294 981 inter
309 921 383 981 alios
399 939 476 1000 quos
493 929 613 979 secutus
633 928 678 979 est
697 921 730 978 in
750 917 893 978 universa
909 916 1174 997 chronologicam
1192 947 1254 985 su.

142 1015 263 1083 oteres,
285 1006 484 1087 Hippolytum
506 1005 616 1085 (quem
633 1013 735 1065 tamen
747 1004 838 1065 semel
849 1003 1003 1065 sciturum
1018 1003 1164 1067 duntaxat
1179 1010 1254 1070 leu-

143 1091 216 1167 dst,
244 1093 290 1152 uti
314 1091 578 1170 observavimus,)
604 1099 757 1165 recenset:
786 1110 822 1150 eo
848 1089 1006 1166 nimirum,
1034 1089 1134 1170 inquit
1156 1094 1192 1154 V.
1217 1098 1251 1158 C.

143 1177 334 1254 traditionis,
360 1186 393 1236 ut
408 1176 542 1247 videtur,
564 1175 688 1250 ordine,
709 1186 745 1235 ut
761 1174 960 1257 Hippolytum
973 1177 1168 1256 exscripserit
1188 1180 1254 1239 An·

144 1263 272 1340 niseus,
301 1263 470 1323 Aenianum
489 1261 636 1321 Maximus
659 1262 837 1333 Conlessor,
865 1281 967 1321 omnes
993 1261 1059 1342 ipse
1080 1265 1253 1343 syncellus:

147 1367 227 1427 quos
253 1349 375 1427 quidem
399 1348 468 1427 quis
494 1347 554 1428 ipsi
574 1346 704 1407 invicem
725 1347 909 1422 sentiebant,
938 1348 1075 1428 nuspiam
1094 1351 1254 1413 manifesto

146 1433 267 1493 refellit.
316 1433 449 1512 Indeque
471 1433 601 1512 colligit,
623 1433 648 1492 si
671 1454 760 1512 quem
781 1434 929 1514 repererit
951 1433 1033 1514 apud
1053 1434 1253 1517 Hippolytum

145 1518 328 1579 Pontificum
348 1520 551 1579 Romanorum
574 1519 764 1598 catalogum,
784 1516 871 1579 illum
891 1519 1101 1600 proculdubio
1115 1532 1253 1583 secutum

144 1604 237 1664 fuisse
252 1605 441 1683 syncellum:
466 1624 523 1665 nec
542 1603 785 1687 proindeslium
806 1604 844 1665 ab
862 1605 1030 1686 Hippolyto
1050 1607 1253 1686 quaerendum

145 1710 214 1750 esse
235 1691 417 1769 syncelliani
441 1691 573 1769 catalogi
598 1699 765 1763 auctorem,
796 1710 862 1750 cum
884 1692 983 1750 minus
1006 1701 1158 1770 praeterea
1179 1714 1252 1754 vero

144 1795 313 1835 consonum
335 1776 478 1837 videatur
498 1786 610 1837 temere
633 1786 661 1837 et
681 1797 738 1856 pro
765 1776 913 1836 arbitratu
934 1775 1031 1837 ‚fuisse
1065 1799 1081 1835 a
1110 1779 1251 1858 syncello

145 1859 327 1934 confictum,
362 1880 450 1941 quem
476 1861 566 1940 longe
590 1862 627 1922 ab
660 1861 829 1922 Eusebisno
850 1882 913 1922 esse
943 1861 1097 1921 diversum
1126 1874 1253 1925 constet.

143 1947 290 2026 Superest
310 1954 425 2024 temen,
455 1957 491 2007 ut
512 1948 538 2008 is
560 1949 631 2009 alibi
653 1943 824 2029 subdit²)‚
855 1947 964 2027 capitis
991 1946 1101 2006 lemma
1120 1947 1253 2009 lemmsti
1376 1986 1381 1996 ·

115 2062 120 2073 ·
143 2030 336 2092 Buchesisno
350 2032 424 2092 adeo
436 2033 541 2111 simile,
563 2044 598 2093 ut
611 2034 666 2095 vix
677 2033 834 2093 dubitandi
855 2035 942 2093 loeus
955 2033 1154 2112 relinquatur,
1180 2035 1252 2114 quin
1270 2025 1292 2079 Ρ
1314 2031 1350 2086 ²2

142 2116 218 2177 inde
237 2136 290 2177 sus
306 2129 458 2179 mutuatus
474 2119 565 2179 fuerit
585 2120 641 2180 iste
658 2117 878 2196 Bucherisnus,
899 2119 986 2200 cujus
1003 2118 1111 2179 lemma
1122 2119 1163 2180 its
1176 2141 1253 2181 eon·

144 2201 275 2281 cipitur:
296 2200 349 2263 Ex
360 2226 420 2287 quo
433 2218 561 2285 tempore
572 2226 626 2285 per
637 2205 847 2265 successionem
874 2201 1065 2286 dispositum,
1092 2206 1158 2286 quis
1171 2203 1252 2287 Epi-

143 2307 272 2367 scopus,
295 2302 406 2371 etque:
420 2291 507 2348 onnia
517 2287 668 2374 praefuit,
689 2285 738 2347 vel
756 2310 814 2368 qao
837 2290 1005 2369 imperante.
1050 2289 1178 2349 atvero
1198 2311 1253 2350 cur

144 2370 196 2433 vir
217 2372 436 2435 eruditissimus
457 2373 626 2434 chronicon
647 2372 731 2433 istud
752 2371 956 2446 canisianum,
978 2391 1032 2432 seu
1053 2373 1253 2451 stbesnum,

140 2456 266 2538 ipsimet
280 2458 446 2540 Hippolyto
461 2481 520 2519 non
534 2460 637 2540 potius
659 2456 867 2538 adscripserit,
891 2477 981 2537 quem
993 2456 1124 2536 ejusdem
1139 2468 1253 2517 aucto·
1354 2522 1358 2529 ,

141 2562 208 2602 rem
236 2545 362 2623 vestigia
393 2545 540 2625 pressisse
566 2545 662 2625 ipsius
686 2543 845 2625 Hippolyti
875 2543 973 2603 videri
999 2543 1140 2619 senserit,
1169 2545 1254 2617 nulla

142 2628 204 2688 alie
226 2628 259 2688 in
280 2650 423 2710 praesens
442 2630 518 2691 mihi
541 2630 680 2693 oboritur
708 2629 802 2705 ratio,
833 2649 922 2708 quem
953 2628 1035 2709 quod
1055 2628 1254 2709 Hippolytum

141 2713 289 2795 martyrio
311 2717 403 2777 vitem
425 2715 536 2776 finiisse
562 2716 735 2776 Alexandro
763 2718 930 2794 imperante
952 2714 1038 2794 juxta
1063 2714 1255 2793 quorundam

45 2874 51 2883 .
141 2801 322 2861 sententiam
338 2801 572 2877 existimaverit,
593 2804 726 2882 scriptor
745 2821 818 2860 vero
843 2799 984 2860 Chronici
1002 2799 1097 2861 eidem
1116 2801 1254 2880 Augusto

144 2895 301 2966 superstes
313 2887 462 2965 extiterit,
482 2896 518 2947 ut
529 2888 581 2967 qui
601 2887 667 2970 ejus
681 2898 806 2948 mortem
818 2886 939 2946 referat.

228 3058 340 3120 XXVI.
384 3058 543 3119 Enimvero
557 3057 704 3139 ejusmodi
718 3056 947 3137 computisticae
962 3055 1036 3115 artis
1056 3052 1138 3133 apud
1156 3052 1255 3114 Grae·
1270 3070 1407 3141 Pssrhsffi

143 3161 198 3200 cos
218 3152 249 3202 et
270 3143 393 3204 Latinos
416 3143 560 3220 artifices,
589 3153 624 3203 ut
645 3142 763 3203 tandem
783 3164 819 3203 eo
842 3144 1016 3216 redeamus,
1043 3139 1125 3200 unde
1150 3145 1254 3200 sumtis
1278 3145 1312 3198 ab
1334 3148 1394 3221 ipso

143 3223 289 3307 digressi,
312 3238 409 3289 certes
429 3238 600 3310 temporum
623 3226 769 3308 epochas,
792 3227 951 3308 dequibus
971 3227 1046 3285 citra
1060 3225 1153 3284 ullam
1169 3244 1251 3285 con·
1267 3254 1293 3308 v
1313 3258 1373 3316 ωε

142 3314 321 3371 trovemism
340 3324 477 3374 constane
498 3323 574 3373 esset
595 3323 771 3388 auctorum,
794 3313 844 3373 rel
869 3313 1020 3387 omnium,
1049 3311 1098 3370 vel
1120 3310 1359 3416 pluriummundi,

144 3404 244 3473 certe,
272 3398 483 3478 potionumque
505 3419 685 3475 consensus,
716 3407 902 3473 statuerunt,
933 3417 1010 3476 quse
1041 3403 1138 3454 essent
1157 3395 1337 3486 volutiordi⁰
1357 3382 1418 3491 0⁶⁰}

143 3476 301 3564 κριτήρια,
330 3492 361 3545 et
382 3485 458 3564 lydii
483 3484 613 3564 lapides,
642 3502 773 3563 quorum
800 3482 963 3558 beneficio,
992 3500 1053 3540 non
1081 3490 1254 3558 temporum
1304 3505 1359 3574 pt,

143 3566 253 3644 ωοᾰο,
276 3569 329 3629 sed
344 3578 374 3630 et
390 3571 536 3630 laetorum
556 3567 760 3647 Psechalium,
780 3568 973 3628 Judaicorum
988 3585 1093 3644 nempe
1112 3574 1143 3625 st
1159 3563 1254 3625 Chri-

144 3652 329 3732 stianorum,
350 3655 496 3715 rationem
515 3656 717 3735 explorarent.
770 3654 862 3729 Quod
873 3653 994 3733 quidem
1014 3659 1049 3711 ut
1069 3650 1208 3709 amussim
1225 3659 1255 3711 et

145 3757 215 3798 cum
240 3740 433 3801 accuratione
454 3751 647 3821 peragerent,
676 3760 795 3800 necesse
817 3749 898 3814 erat,
928 3747 964 3799 ut
994 3737 1032 3797 sb
1057 3735 1125 3818 ipso
1149 3736 1256 3795 mundi

145 3822 273 3885 conditu
294 3835 472 3905 repeterent.
521 3827 565 3886 lta
584 3825 739 3886 Victorius
752 3823 804 3907 8)ε
836 3821 947 3885 Videre
965 3821 1040 3883 milti
1060 3817 1180 3898 videor,
1203 3821 1256 3878 in-

106 3928 109 3932 ·
147 3910 229 3985 quit,
259 3907 429 3974 istisumodi
450 3907 627 3992 disciplinae
645 3925 786 3973 secretum
810 3907 1039 3973 luculentissime
1054 3927 1141 3988 posse
1161 3927 1255 3964 enor-

182 4139 216 4209 ¹)
232 4139 408 4266 tItqollissert.
431 4142 465 4198 de
489 4143 621 4216 primaeva
643 4144 764 4201 Pontific.
786 4144 861 4200 Rom.
885 4156 983 4195 succes.
1006 4154 1064 4208 esp.
1092 4137 1133 4193 tt.
1163 4137 1186 4209 §-
1215 4137 1258 4190 19.

182 4228 435 4414 :insu
893 4256 896 4263 ’

194 4426 341 4480 chronicon
360 4385 491 4483 l'uscliole
511 4433 563 4484 sel
584 4434 621 4486 11.
812 4466 818 4475 .
1027 4415 1049 4475 3
