2996 4898
424 340 469 408 IN
493 340 743 416 CHROMCUN
755 340 984 416 PESCHALE.
1183 338 1259 415 467

150 526 185 571 ιιι
202 507 383 571 emesam
403 451 493 570 lethes
510 508 628 571 ,διιιίιιι
647 450 805 587 defers‘em'e
818 510 911 587 irrepit
926 456 967 569 ed
979 504 1134 588 ιιηαδιιιδσ
1146 508 1260 571 mute·

150 599 196 655 rie
219 601 374 674 sumptuose
399 599 490 655 erube
517 600 690 672 cogerentur,
713 601 747 653 ut
764 593 902 672 loquitur
919 592 1000 657 idem
1022 593 1258 659 Valentinianus.

151 680 228 741 Vide
251 679 351 759 Cujac.
373 679 427 742 lib.
443 701 508 740 xus.
530 679 636 739 Obser.
657 700 687 741 rr.
731 679 887 739 Caeterum
901 677 1084 740 Theoderici
1099 680 1257 761 justitiam,
1303 686 1307 689 '

151 774 181 826 et
200 750 448 842 iegubsrneeda
468 764 634 844 Republica
654 762 844 844 disciplinam
860 774 891 824 et
904 765 1092 826 severitatem
1104 786 1258 827 commen·

150 850 203 920 dat
220 868 298 931 prae
319 852 443 919 secteris
457 849 627 931 Procopius
641 849 692 909 tie.
707 872 729 915 1.
744 848 847 911 Gottlr.
865 854 931 930 cep.
945 872 965 913 1.
980 852 1068 928 cujus
1079 849 1155 913 brec
1168 861 1256 915 eunte

148 929 358 1014 Δικαιοσύνης
376 958 409 998 ιι
430 933 599 1018 deceperis
617 929 837 1015 tcepelp'ouce,
858 935 911 999 sel
933 932 1007 1011 τοδς
1025 930 1143 1017 νόμους
1160 936 1194 1001 lv
1210 941 1256 1022 egi

148 1022 264 1104 βεβαίῳ
278 1016 459 1085 διεσώσατο·
473 1021 536 1095 ¹sed
547 1029 577 1081 et
586 1020 766 1100 Euonymus
781 1020 965 1083 Valerianus.

217 1110 306 1184 *Peg
329 1106 404 1173 605.
426 1111 455 1171 3.
499 1112 614 1185 Aureo
632 1101 769 1188 αηροδς]
792 1107 867 1166 Cum
888 1106 982 1167 cereis
1003 1105 1097 1184 igitur
1119 1105 1255 1166 accensis

148 1188 370 1250 Theodericum
387 1191 530 1251 convenit
542 1192 681 1252 senatrix
697 1191 769 1264 illa,
791 1211 853 1270 que
874 1190 1052 1271 ampliorem
1071 1190 1143 1269 Regi
1157 1189 1254 1250 hone·

147 1296 212 1336 rem
227 1275 394 1339 exhiberet.
436 1277 591 1356 Ejusmodi
602 1286 703 1339 autem
718 1276 821 1350 cereis,
842 1275 995 1338 ueletiam
1010 1274 1105 1338 taedia
1121 1277 1254 1338 accensis

146 1362 290 1443 praelatis
311 1362 495 1443 processisse
513 1363 713 1444 imperatores
734 1371 862 1423 testetur
883 1363 1037 1441 inprimis
1060 1360 1255 1422 Herodianus

146 1467 214 1527 ree·
228 1452 281 1513 26.
291 1449 345 1512 34.
360 1448 412 1513 44.
426 1449 476 1514 84·
493 1447 562 1515 tle.
578 1458 610 1509 st
626 1449 695 1515 153.
708 1447 778 1507 edit
790 1446 913 1509 llenrici
928 1447 1031 1529 Steph.
1045 1452 1254 1509 ressensis.

146 1552 225 1611 quus
243 1533 363 1611 quidem
385 1552 490 1593 cereos
512 1530 606 1613 πυρὸς
626 1534 774 1593 duntaxat
790 1534 911 1593 nomine
929 1533 1042 1608 donat,
1065 1532 1150 1612 quod
1169 1542 1254 1594 recte

145 1618 266 1698 Lipsius
289 1619 322 1695 in
345 1618 504 1679 Excursib.
524 1617 563 1677 ed
585 1618 723 1681 Tecitum
746 1618 786 1677 ed
807 1639 912 1679 cereos
931 1628 963 1678 et
984 1617 1087 1679 taedas
1099 1616 1254 1680 traduxitr

144 1704 299 1781 quomedo
312 1704 494 1775 ⁴Gallienum
518 1707 587 1764 ieter
609 1710 716 1782 togatos
733 1703 829 1765 Pnem
841 1710 868 1763 ct
881 1705 1040 1780 Equestrcer
1052 1704 1189 1779 ordinem,
1209 1705 1256 1763 el«-

144 1790 221 1848 butes
235 1790 348 1863 militer,
373 1795 400 1848 et
414 1793 486 1848 omni
495 1790 594 1868 popule
606 1795 769 1868 praeeunte,
788 1793 871 1847 seroie
883 1791 965 1847 (τίσιν
974 1806 1057 1868 prope
1069 1791 1202 1865 emnium,
1227 1795 1256 1849 et

143 1875 314 1951 mulieribus,
335 1878 496 1941 eurmecree'e
515 1880 542 1933 et
557 1873 670 1952 fecibus
689 1881 714 1932 et
733 1874 902 1952 lampadibus
913 1873 1131 1951 praecedentibus
1144 1873 1253 1952 Cupito-

143 1959 211 2018 lr'um
226 1963 338 2039 petiisse
358 1959 464 2019 scribit
486 1956 654 2018 Trebellius
674 1957 780 2019 Pollio.
830 1958 893 2017 Hes
912 1953 1071 2037 λαμπάδας
1093 1954 1255 2037 destiteris

142 2054 236 2104 vocat
248 2042 388 2125 scriptor
398 2045 431 2113 ie
445 2044 581 2121 iuliano,
602 2043 656 2105 ubi
670 2043 707 2104 de
722 2043 786 2124 ejus
800 2063 884 2107 nece.
928 2042 1007 2103 ilinc
1019 2044 1052 2104 in
1065 2041 1176 2103 Notitia
1191 2041 1251 2102 lm·

141 2130 221 2210 perii
242 2131 367 2189 summis
387 2129 586 2209 Dignitatibus
607 2149 709 2199 cereos
725 2129 803 2188 inter
820 2146 922 2189 serum
937 2129 1064 2209 insignia
1078 2127 1185 2188 referri
1199 2127 1253 2187 ad·

141 2214 306 2290 vertimus,
328 2215 411 2296 qued
430 2235 498 2279 cum
513 2216 551 2277 iis
567 2215 599 2274 in
617 2214 784 2276 Provinciis
799 2214 998 2293 procederent
1020 2224 1050 2276 et
1069 2214 1251 2293 exciperen—
1362 2273 1365 2278 .

142 2310 211 2360 tur:
234 2300 271 2360 de
291 2320 351 2380 quo
374 2320 459 2362 mere
480 2301 593 2380 egimus
610 2300 641 2360 in
656 2309 788 2379 utroque
802 2300 972 2378 Glossario‚
995 2299 1046 2359 uhi
1067 2298 1106 2361 de
1120 2300 1252 2377 Lampa-

11 2382 12 2387 ’
33 2370 36 2378 ’
141 2385 235 2449 deriie
250 2394 280 2446 et
295 2384 472 2447 Dibambule
487 2388 610 2465 egimus.
654 2387 760 2446 Petrus
778 2383 898 2446 Siculus
913 2386 944 2444 in
960 2384 1036 2447 Hist.
1057 2381 1251 2443 Manichaeo-

32 2473 41 2507 '⁴
139 2492 226 2536 rum:
252 2470 400 2552 Ασμέναις
419 2467 581 2554 παιδιῶν
601 2470 633 2535 lv
647 2464 728 2556 αὐτῇ
748 2464 880 2556 (κώμη)
900 2462 1126 2534 emerserimus
1140 2461 1251 2530 testes
1291 2528 1296 2543 .

140 2565 221 2639 χθη·
245 2550 356 2630 πάντες
370 2554 429 2640 yoip
444 2551 605 2639 λαμπάδας
616 2550 790 2629 deduceres·
804 2555 838 2619 ἐν
854 2550 967 2638 μεγάλη
981 2560 1055 2642 σιμῇ
1067 2546 1158 2617 ου’τδν
1172 2551 1252 2617 siue·
1273 2610 1275 2623 ,

140 2641 287 2723 δέχονται.
331 2642 406 2703 Vide
426 2653 581 2724 praeterea
604 2641 665 2702 hec
686 2639 856 2701 Chronicon
877 2617 1037 2717 Peeehele,
1061 2637 1119 2698 sub
1137 2658 1250 2701 annum

141 2726 212 2788 Chr.
227 2747 355 2788 cccxxx.
371 2748 461 2793 cerv.
478 2736 509 2789 et
522 2746 636 2789 sunum
650 2748 700 2789 vu.
717 2726 824 2804 Pocae,
845 2724 1061 2806 Theophanem
1078 2744 1146 2785 eeu.
1163 2743 1249 2809 αισι.

139 2812 287 2891 Heraclii,
322 2814 494 2875 Passionem
522 2815 552 2874 S.
575 2812 678 2874 Setini
698 2811 841 2892 Episcopi
860 2820 890 2872 et
912 2812 1056 2892 Martpris
1080 2829 1110 2870 rr.
1134 2828 1164 2869 v.
1189 2818 1246 2869 etc.
1264 2821 1289 2875 v
1307 2825 1361 2882 522

139 2899 240 2980 Atque
253 2899 323 2959 iude
338 2900 422 2980 origo
437 2919 594 2962 cereorum
611 2901 641 2959 in
656 2897 798 2958 Ecclesiis
814 2895 1052 2958 Christianorum
1065 2895 1205 2976 petenda.

154 3026 159 3045 J
227 2989 299 3063 Peg.
322 2986 396 3051 605.
417 2991 448 3053 9·
491 2984 553 3051 Καὶ
573 2984 697 3065 ἐποίησε
716 2975 871 3062 διάταξιν,
892 2981 966 3064 etc]
988 2982 1055 3043 lloc
1080 2989 1125 3041 eet
1143 2980 1249 3061 pries-

139 3089 230 3150 quam
248 3073 339 3131 Rome
357 3070 535 3146 excederet,
556 3079 587 3129 et
603 3070 775 3130 Revennam
797 3087 829 3129 se
843 3070 1011 3146 conferret,
1030 3066 1084 3129 ubi
1101 3065 1181 3126 ritae
1197 3084 1249 3125 re·

137 3155 256 3233 liquam
279 3155 388 3232 exegit.
429 3155 488 3214 Ees
502 3156 595 3232 Leges
609 3153 815 3235 promulgavit
832 3154 930 3213 Edisti
947 3154 1055 3231 titudo,
1079 3171 1156 3230 quae
1179 3149 1248 3210 edi-

138 3250 189 3302 tee
210 3239 411 3301 habentur‘in
433 3238 508 3301 cod.
534 3240 646 3316 Legum
668 3238 879 3316 antiquarum,
900 3249 929 3299 et
944 3258 1012 3297 cum
1027 3234 1180 3297 Senatorio
1194 3253 1248 3294 seu

138 3324 321 3387 eeseedori.
334 3325 494 3406 Epistolis:
524 3344 594 3383 nem
616 3322 779 3385 eliserunt
804 3322 896 3399 Leges
914 3320 1187 3395 Theodericiense‚
1210 3319 1248 3378 de
1336 3359 1339 3364 -

139 3411 256 3491 quibus
269 3413 382 3473 Severe
400 3421 431 3472 et
445 3406 623 3471 Sirmondus
639 3407 678 3467 ed
690 3406 743 3466 lib.
758 3428 789 3467 11.
808 3406 925 3467 Sidonii
942 3406 1034 3486 Epist.
1051 3428 1081 3465 11.
1124 3402 1249 3464 Falsum

138 3515 211 3576 ergo
227 3498 310 3576 qued
325 3499 367 3556 att
379 3494 560 3576 Procopius,
583 3493 682 3553 nullas
694 3490 825 3560 edidisse
840 3491 933 3571 Leges
947 3487 1179 3553 Theodericum.
1198 3538 1203 3547 .
1278 3486 1280 3489 ’

227 3586 298 3660 Peg.
320 3583 392 3649 605.
417 3587 464 3648 10.
510 3573 705 3661 Ρδβνιννον]
727 3576 866 3656 Sigonius
883 3577 920 3639 de
933 3576 1008 3659 lmp.
1021 3574 1126 3636 Occid.
1140 3572 1193 3634 lib.
1206 3592 1246 3633 vr.

137 3667 381 3733 ressontium.
397 3666 650 3735 llistllevennet.
682 3661 691 3669 ’
1158 3706 1163 3711 -

224 3752 300 3815 ibid·
342 3748 439 3817 Πόλιν
454 3744 728 3837 παραθαλάσσιον]
750 3744 888 3808 Zosimus
903 3743 956 3804 lib.
972 3764 1003 3809 v.
1027 3743 1065 3805 de
1083 3744 1244 3807 Ravenna:
1275 3816 1277 3820 ,

33 3864 37 3869 ·
141 3831 227 3918 Ρήνη
245 3843 408 3919 κληθεῖσα,
430 3833 482 3902 διδ
499 3834 532 3901 ιδ
545 3830 738 3917 πανταχόθεν
760 3828 851 3896 Edere
870 3829 1090 3912 περιρῤιῑσθνιι.
1132 3830 1244 3889 Contra

140 3922 309 4004 Procopius
326 3923 379 3983 lib.
392 3947 415 3984 1.
433 3922 568 3985 Gotthic.
587 3942 653 4002 cup.
669 3943 689 3979 1.
711 3916 850 4001 Polliceor
861 3911 918 4000 ydp
936 3910 1014 3998 αὕτη
1030 3914 1064 3980 ἐν
1077 3916 1172 3999 πεδίον
1190 3910 1247 3996 μὲν

137 4013 234 4072 κεῖσαι
256 4006 374 4092 deripe,
395 4009 484 4072 δυοῖν
507 4009 645 4072 σταδίοιν
668 4002 857 4090 διιιργομένη
879 4001 993 4087 μέτρῳ,
1014 3995 1048 4066 ιδ
1072 3996 1116 4083 μή
1139 4000 1246 4065 ἐπιθα-

137 4086 263 4167 λάσσιος
273 4088 361 4157 εἶναι.
405 4093 462 4154 Sed
481 4105 572 4157 uetus
589 4094 749 4153 Ravennae
764 4089 840 4153 situs
855 4086 1031 4147 hodiernus.

223 4176 298 4257 Peg·
319 4180 392 4246 606.
418 4184 468 4245 12.
511 4171 733 4259 Απαλάοιχος]
753 4176 801 4237 ux
816 4170 1048 4236 Amalaauenthe
1062 4167 1124 4229 filiu
1138 4166 1246 4228 Theo-

138 4261 241 4334 dorici
252 4283 358 4345 nepes.
400 4264 612 4346 Precop.,eod.
627 4262 679 4323 lih.
697 4280 814 4342 cap.1r.
829 4256 972 4321 lernrnd.
988 4277 1056 4336 cap.
1070 4273 1132 4314 mx.
1145 4260 1203 4311 stc.

143 4404 155 4415 ,
228 4350 468 4445 rarescet.
512 4344 880 4433 demitteredemittere]
898 4340 1108 4420 Marcellinus,
1123 4337 1248 4416 begins
