2944 4896
365 380 367 389 .
448 320 902 390 cmourerrrsonns.
1178 266 1228 399 97

5 520 6 533 π
121 488 203 550 ratio
216 488 336 548 seminis
355 489 446 549 Israel
459 489 498 549 de
510 489 648 550 Patribus
662 489 694 548 in
713 488 849 548 Cnnrsuo
864 490 1017 571 complete
1029 490 1085 566 sit,
1111 501 1139 551 et
1153 502 1228 572 quot

121 575 289 655 quantique
310 595 364 655 per
390 585 503 654 quanta
534 586 669 655 tempora
691 574 919 636 dinumerentur
950 576 1021 634 anni
1045 596 1062 634 a
1087 588 1228 641 creatura

119 661 233 720 saecuti
247 661 394 738 usquein
407 658 491 720 hunc
504 659 591 720 diem.

207 745 453 804 Existimavimus
476 756 575 807 autem
594 745 774 826 incipientes
796 767 813 805 a
829 744 937 805 Genesi
957 746 1044 825 juxta
1062 747 1228 809 verborum

117 831 344 906 ostensionem,
370 832 447 891 siout
467 831 600 911 expetit,
629 830 801 906 declarare,
827 851 890 891 non
912 850 950 890 ex
971 841 1075 892 nostra
1097 834 1228 912 quadam

116 926 227 995 parte,
247 916 302 976 sed
325 936 364 975 ex
382 916 455 996 ipsis
470 916 580 976 sanctis
595 915 761 996 Scripturis
774 915 942 976 testificari.
985 915 1064 977 Hinc
1083 939 1154 998 ergo
1175 930 1228 980 oo·

117 1001 272 1062 easionem
288 1001 467 1082 arripientes
479 1002 567 1084 juxta
585 1000 722 1062 ordinem
737 1001 776 1062 de
792 1002 900 1064 Genesi
913 1021 1077 1065 sermonem
1092 1004 1226 1065 facimus.

531 1101 647 1172 must
663 1100 811 1170 naneae.

497 1290 630 1359 incipit
657 1289 847 1345 Narratio.

271 1394 411 1453 risun
444 1370 809 1457 cuneisrronrs
836 1372 1077 1456 nonr'unn.

208 1513 277 1588 Quo
292 1512 341 1573 die
357 1513 431 1573 fecit
443 1514 522 1574 Deus
538 1514 650 1590 Adam,
672 1515 710 1575 ad
728 1514 888 1594 imaginem
903 1512 957 1573 nei
971 1513 1043 1576 fecit
1057 1536 1118 1577 eos.

207 1598 290 1658 Vixit
306 1608 409 1659 autem
421 1598 513 1659 Adam
527 1600 612 1660 annis
627 1621 741 1662 ccxxx.
754 1609 786 1661 et
797 1599 899 1678 genuit
912 1597 995 1663 Seth.

209 1684 291 1744 Vixit
304 1694 404 1743 autem
419 1683 490 1745 Seth
508 1686 592 1745 annis
610 1706 676 1746 nov.
693 1697 722 1747 et
738 1685 840 1764 genuit
852 1687 945 1746 Enos.

206 1770 244 1829 Et
256 1769 335 1828 vixit
353 1770 432 1829 Eoos
446 1770 532 1830 annis
546 1791 625 1830 cm.
641 1781 671 1832 et
685 1771 788 1849 genuit
802 1772 923 1830 Cai‘nan.

207 1856 245 1914 Et
258 1855 338 1914 vixit
353 1856 468 1915 Cainsn
482 1857 568 1916 annis
585 1878 672 1916 ccxx.
690 1867 720 1917 et
734 1856 840 1936 genuit
858 1854 1004 1915 Malaleel.

206 1937 233 2021 *)
249 1940 340 1999 Annis
354 1960 439 2000 utxv.
455 1950 485 2001 et
498 1941 600 2025 genuit
611 1941 710 2002 iared.

207 2027 245 2085 Et
261 2025 340 2085 vixit
350 2025 440 2086 Jared
454 2027 538 2087 annis
554 2047 646 2087 ccxn.
664 2036 695 2088 et
706 2025 810 2106 genuit
821 2021 938 2086 Enoch.

206 2113 245 2171 Et
259 2111 337 2171 vixit
350 2110 453 2171 Enoch
467 2113 552 2173 annis
568 2133 657 2174 ccxv.
672 2121 703 2173 et
717 2112 821 2191 genuit
834 2105 1041 2170 Mathusalanr.
1102 2106 1105 2112 ’

208 2197 245 2255 Et
258 2196 338 2276 vixit
350 2192 549 2257 Mathusalam
564 2198 650 2257 annis
664 2217 781 2258 cnxvn.
795 2206 825 2257 et
837 2194 942 2273 genuit
959 2194 1077 2253 Lumec.

76 2280 80 2289 “
207 2282 246 2342 Et
261 2281 339 2341 vixit
353 2282 464 2342 Lamec
480 2283 565 2341 suuis
582 2301 753 2342 numum.
768 2290 798 2342 et
811 2279 914 2359 genuit
926 2278 1002 2337 Noe.

208 2365 247 2426 Et
266 2378 329 2427 erat
351 2369 416 2427 Noe
437 2387 584 2431 annorum
598 2389 629 2426 n.
643 2378 673 2428 et
693 2367 798 2445 genuit
818 2375 880 2425 tres
901 2361 1003 2431 filios,
1025 2359 1110 2433 Sem,
1132 2355 1226 2416 Cham

117 2460 152 2513 et
165 2451 285 2533 Japhet.
874 2498 877 2503 .

201 2537 279 2597 Post
292 2557 387 2597 annos
406 2546 506 2598 autem
522 2557 548 2596 o.
565 2546 725 2617 postquam
747 2542 906 2614 generatus
922 2540 968 2593 est
981 2532 1066 2604 Sem,
1088 2525 1123 2588 fit
1136 2525 1225 2585 Dilu-

116 2624 225 2694 vium,
252 2642 321 2683 eum
339 2632 416 2683 esset
433 2642 580 2699 annorum
592 2631 798 2682 sescentorum
814 2621 884 2679 Noe.

207 2708 300 2768 Fiunt
322 2728 393 2787 ergo
420 2709 457 2769 ab
476 2708 569 2769 Adam
595 2728 693 2788 usque
713 2706 752 2766 ad
780 2704 932 2766 Diluvium
954 2698 1162 2781 generationes
1181 2708 1226 2755 xt.

119 2816 193 2856 anna
204 2816 241 2858 11.
253 2812 392 2853 uocxnu.
830 2813 837 2823 ·’

207 2881 286 2940 letae
301 2889 371 2939 sunt
387 2878 592 2957 generationes
606 2880 683 2945 Sem.

208 2967 277 3026 Sem
292 2985 363 3024 cum
385 2974 462 3026 esset
484 2984 631 3025 annorum
655 2985 681 3027 o.
707 2960 811 3041 genuit
831 2959 959 3023 Artem
989 2976 1068 3018 auno
1090 2950 1226 3015 secundo

77 3081 82 3086 ·
119 3060 193 3134 post
208 3050 370 3111 Diluvium.
875 3052 878 3057 '

207 3136 246 3196 Et
259 3136 339 3197 vixit
353 3136 479 3196 Artaxat
496 3134 581 3197 annis
595 3146 710 3193 cxxxv.
727 3141 758 3192 et
771 3130 873 3210 genuit
886 3130 1007 3190 &hau
1112 3128 1119 3145 ¹
1221 3164 1224 3173 ι
1240 3131 1264 3187 P
1280 3128 1334 3189 414

207 3222 246 3282 Et
257 3221 338 3282 vixit
352 3222 464 3280 Cainan
477 3220 563 3280 annis
578 3232 670 3280 cxxx.
685 3227 715 3278 et
728 3217 832 3295 genuit
847 3216 923 3277 Sale.
1203 3220 1206 3226 ’

197 3307 247 3367 ‘Et
260 3307 339 3367 vixit
353 3307 421 3367 Sale
433 3309 517 3366 annis
533 3325 623 3365 cxxx.
636 3314 666 3363 et
681 3303 783 3382 genuit
794 3301 908 3361 Heben.
974 3333 979 3339 *

207 3392 247 3452 Et
260 3393 339 3453 vixit
353 3392 453 3455 Heben
467 3390 552 3451 annis
567 3409 692 3450 cxxanv.
706 3397 735 3447 et
749 3386 852 3465 genuit
867 3384 987 3444 Phaleo.
1161 3456 1165 3463 ὁ

208 3478 310 3558 Usque
325 3479 365 3538 ad
381 3477 482 3552 hunc,
505 3474 710 3555 generationes
725 3492 754 3533 v.
769 3467 987 3531 an.nxx11.ab
1002 3460 1099 3524 Adam
1116 3468 1226 3537 autem,

120 3564 332 3644 generationes
345 3584 399 3627 xv.
413 3562 484 3623 anni
497 3571 567 3622 sunt
580 3583 614 3621 11.
629 3575 796 3620 nooman.

253 3750 396 3813 DIVISIO
418 3750 573 3813 Tenum
594 3749 643 3809 ET
666 3747 717 3808 DF.
738 3743 876 3805 TRIBUS
897 3738 1007 3799 FlLIlS
1028 3734 1118 3798 NOE.
1207 3776 1209 3781 .

207 3888 279 3949 Post
300 3887 452 3953 Diluvium
471 3895 587 3956 autem,
608 3885 694 3961 Sem,
716 3878 828 3957 Cham,
849 3888 879 3939 et
904 3860 1028 3958 taphet,
1049 3870 1142 3930 trium
1161 3867 1226 3927 fra-

120 3985 222 4052 trum,
244 3972 353 4034 Tribus
368 3973 482 4033 divisae
501 3980 581 4031 eunt.
648 4014 651 4021 .

207 4059 246 4135 Et
268 4061 336 4121 Sem
359 4057 480 4138 quidem
501 4052 701 4139 primogenito
717 4049 873 4112 uPersida
893 4058 923 4109 et
939 4042 1056 4105 Bactris
1073 4058 1173 4127 ¹usque
1195 4034 1230 4115 iu

121 4144 209 4209 India
224 4144 312 4223 longe
324 4155 356 4207 et
369 4163 463 4224 nsque
479 4143 511 4203 in
523 4140 742 4203 Rhinooorruis
757 4146 811 4199 est.

192 4361 219 4430 ')
236 4358 357 4414 Mulaleel
371 4357 440 4412 vixit

172 4455 319 4511 Gtrmieon
338 4455 464 4511 Poeciaole
485 4455 537 4508 eol.
553 4455 589 4507 ΙΙ.
