2992 4894
546 314 860 395 rnasrarso.
1204 320 1254 399 at

81 484 87 491 ’
145 512 198 555 mo
213 508 382 569 mentoque
395 488 472 568 pede
482 491 513 551 in
529 485 715 551 inveniendis
730 486 883 553 Pasrbalis
896 489 978 553 Festi
993 489 1086 553 bunis
1099 512 1134 553 ao
1149 492 1413 577 diatessarum,

145 575 418 659 progrederentur,
444 595 564 637 necesse
583 584 647 637 eret
666 584 703 635 ut
718 575 756 637 ab
778 576 847 657 ipso
867 577 972 637 mundi
995 578 1120 645 exordio
1135 578 1253 645 initium
1272 585 1300 632 et
1316 580 1405 634 Βοουο

77 662 83 681 '
145 664 309 723 ducerentr
342 656 561 743 insinuati
580 653 653 741 πρὸς
677 655 796 733 τούτοις
822 659 933 725 εἰδέναι
964 662 1018 727 stat
1041 659 1095 726 rtis
1118 647 1408 746 sissiniopmffi*

144 753 209 811 saia
232 742 298 810 ainsi
315 742 409 826 atisin
432 747 523 822 ἐτοῖν,
549 755 588 805 ut
600 746 642 805 ait
655 746 686 808 S.
700 746 849 809 Maximus
861 746 893 806 in
906 756 1049 827 computo
1064 750 1256 815 Ecclesiasti.

146 853 186 899 eo
199 829 250 916 1),
272 841 303 897 et
323 842 358 893 ut
373 831 484 895 Christi
498 832 611 891 Natalis
632 851 742 893 annum
758 832 865 895 sedulo
880 833 1083 912 inquirerent,
1105 837 1256 915 proinde.

146 938 209 998 qne
229 937 376 979 annorum
392 919 499 979 seriem
521 917 557 977 ab
573 917 639 996 ipso
660 917 774 978 Adsum
789 919 827 979 ad
842 937 898 978 sua
910 929 1047 1000 tempora
1062 920 1255 999 deducerent,

145 1024 185 1065 ae
201 1004 426 1067 continuarent:
448 1003 531 1083 quod
546 1003 668 1082 quidem
679 1003 745 1062 fieri
759 1004 847 1067 aliter
862 1025 922 1064 non
936 1006 1048 1084 potuit,
1067 1006 1130 1071 nisi
1144 1007 1255 1071 descri-

143 1090 209 1170 ptis
230 1089 417 1167 singulorum
441 1091 605 1168 primorum
620 1087 742 1149 Petrum
764 1089 926 1165 aetatibus,
949 1091 1111 1158 essentum
1132 1092 1254 1169 deinde,

145 1195 184 1234 ac
197 1178 314 1254 Regum
328 1184 359 1235 et
374 1176 593 1254 Imperatorum
608 1175 708 1251 annis,
730 1175 856 1253 aliisque
872 1174 1097 1255 Chronologieia
1112 1177 1256 1240 observa·
1273 1196 1297 1251 v
1315 1199 1348 1254 21

144 1259 288 1323 tionibus.
331 1260 374 1320 Ite
388 1280 461 1339 prae
476 1260 600 1323 caeteris
612 1260 779 1323 Aenianum
794 1270 825 1319 et
838 1261 1029 1322 Panodorum
1044 1262 1177 1329 eruditos
1189 1256 1254 1327 Mo-

144 1344 260 1406 nachus
272 1364 327 1406 sua
343 1346 506 1415 confecisse
518 1344 674 1407 Pascbalia
689 1358 796 1405 auctor
808 1355 852 1406 est
870 1347 1015 1424 Georgius
1026 1350 1189 1427 Syuoellus
1201 1348 1254 1434 ἦ»

146 1451 184 1491 aa
196 1432 365 1491 Annianum
384 1433 507 1509 quidem
529 1432 616 1495 brevi
635 1432 687 1492 sed
705 1442 844 1492 accurata
867 1431 1011 1495 methodo
1024 1445 1256 1515 temporaneus.

144 1517 275 1593 tionem,
319 1537 357 1577 ao
380 1518 589 1579 festivitatum·
603 1519 826 1579 Dominicarum
854 1513 929 1598 penei
950 1536 1041 1583 τινων
1064 1520 1254 1599 ramasses,

143 1604 337 1682 complexum
360 1622 441 1680 esse,
470 1623 540 1679 seu,
569 1602 687 1662 utalibi
710 1605 752 1663 ait
768 1601 822 1682 ³),
855 1599 1062 1680 συντάξασθαι
1080 1601 1255 1670 atessam.

143 1683 345 1768 Ποσχουοὲλιο
361 1682 442 1769 uiti.
456 1688 548 1765 tana,
571 1683 635 1769 ἅμα
650 1692 778 1769 spetiosa
801 1682 947 1770 ἆυριβέσι.
991 1691 1049 1753 Ubi
1065 1691 1189 1753 vtdarus
1208 1694 1256 1753 le-

142 1773 275 1851 gendum
290 1775 482 1852 Πυσχυλίους
494 1769 625 1848 κύκλους
644 1771 693 1837 ια’.
725 1775 917 1835 Panodornm
935 1777 1133 1852 vernalium,
1155 1779 1256 1837 susio-

142 1879 209 1919 rem
225 1879 332 1939 nempe
350 1858 453 1919 iniisse
467 1860 618 1923 scribendi
637 1861 784 1927 rationem
799 1860 892 1921 tradit
904 1860 985 1921 idem
998 1860 1142 1940 Photius,
1165 1872 1256 1942 atque

142 1946 223 2007 atas
237 1949 393 2027 πολυμερῆ
409 1968 441 2008 aa
455 1945 507 2009 καὶ
519 1947 684 2025 πολυειδῆ,
714 1941 811 2011 πολλοί
828 1969 861 2009 το
872 1941 1006 2027 χρήσιμα
1017 1946 1145 2026 iporeae
1152 1995 1162 2024 ‚
1186 1967 1255 2009 oum

142 2050 208 2089 nen
227 2031 325 2090 solum
349 2031 520 2092 continuam
542 2042 712 2113 temporum
731 2032 853 2107 seriem,
874 2031 927 2093 sed
943 2043 973 2093 et
988 2032 1118 2101 duorum
1130 2055 1255 2114 magno-

142 2136 215 2179 rum
238 2116 447 2192 luminarium,
469 2118 549 2179 Solis
569 2129 600 2178 et
613 2120 729 2193 Lunae,
751 2127 850 2179 motus
873 2117 904 2176 in
922 2138 958 2178 eo
974 2119 1152 2181 observarit.
1196 2124 1255 2180 At-

145 2220 208 2281 que
227 2200 289 2260 boe
311 2204 483 2282 scriptionis
510 2218 618 2281 genere
640 2204 687 2283 usi
710 2223 771 2263 non
792 2202 884 2262 modo
906 2214 1025 2264 veteres
1048 2205 1256 2284 eomputiatae,

143 2305 202 2345 sen
217 2287 369 2365 melorum
384 2289 590 2365 coniectores,
610 2286 664 2349 aad
680 2288 770 2347 etiarn
786 2288 892 2366 paullo
904 2290 1099 2364 reeentiores,
1121 2300 1212 2371 atque
1223 2292 1255 2351 in

90 2446 92 2452 γ
141 2371 228 2433 iias,
245 2373 408 2475 pissimus,
428 2373 484 2453 qui
505 2373 586 2453 apud
600 2374 749 2451 Graecos,
772 2381 809 2432 ut
819 2371 901 2431 Beda
921 2373 1002 2452 apud
1017 2375 1154 2451 Latinos,
1177 2376 1255 2455 ejus-

143 2478 180 2517 ce
197 2467 272 2519 artrs
284 2462 426 2540 princeps
442 2459 580 2522 babetur.
623 2458 740 2519 Horum
753 2458 831 2518 alter
847 2457 929 2519 edito
945 2458 1157 2521 Emississtioo
1176 2480 1256 2520 com·

141 2551 237 2625 puto,
258 2544 387 2626 subjecit
406 2540 522 2627 χρόνον
544 2538 716 2628 ἄρίθμησιυ
736 2543 789 2606 καὶ
810 2537 909 2625 tetta
932 2543 969 2602 ab
993 2544 1123 2607 adamo:
1147 2546 1255 2607 deiude

142 2623 278 2709 δήλωσιν
288 2634 351 2694 saio
360 2629 569 2709 inexaminato
589 2630 778 2710 κεφαλαίων,
800 2624 943 2694 sissent
959 2629 1010 2693 tat
1023 2631 1108 2703 rivae
1121 2627 1256 2714 ἐπληρώ-

141 2720 206 2793 θη,
228 2715 261 2774 in
282 2736 340 2795 qua
364 2716 526 2797 posteriori
546 2726 633 2795 parte
654 2717 838 2798 praecipuae
862 2725 1033 2795 temporum
1053 2715 1193 2795 metae
1215 2717 1255 2777 ad

140 2794 299 2861 Iustiniani
312 2812 450 2882 tempora
467 2802 679 2877 deducuntur,
702 2822 772 2861 cum
785 2821 824 2859 an
838 2802 925 2881 prior
939 2802 980 2861 sit
996 2803 1024 2863 S.
1037 2800 1178 2876 Maximi,
1201 2803 1255 2882 qui

140 2885 310 2966 imperante
322 2887 464 2948 Heraclio
478 2887 572 2964 vixit,
596 2889 737 2950 dubitare
754 2887 861 2963 lineat,
885 2906 953 2949 cum
968 2886 1008 2951 ad
1021 2887 1255 2949 Constantinum

141 2981 173 3031 et
187 2974 353 3035 Romanum
367 2975 569 3053 Imperatores
586 2973 801 3054 protrahatur,
823 2973 879 3033 mai
902 2994 978 3054 quae
999 2983 1071 3052 post
1081 2973 1254 3034 Heraclium

140 3055 307 3135 habentur,
330 3059 452 3119 alterius
475 3054 618 3121 dicantur
637 3080 701 3119 esse
720 3060 886 3137 scriptoris.
928 3060 1015 3123 Alter
1036 3079 1124 3135 vero,
1146 3078 1254 3139 nempe

140 3142 241 3220 Beda,
261 3143 387 3205 similem
408 3144 498 3224 plane
520 3145 695 3205 observavit
712 3143 888 3205 methodum
909 3144 942 3203 in
964 3143 1050 3204 libris
1069 3146 1106 3205 de
1130 3146 1257 3205 Ratione
1290 3140 1294 3150 ’

142 3235 334 3308 temporum,
370 3239 400 3291 et
422 3230 459 3290 de
479 3230 595 3290 Natura
624 3248 743 3306 rerum,
773 3230 805 3289 in
833 3229 942 3308 quibus
961 3229 1034 3289 dnm
1052 3228 1255 3290 Ecclesiastioi

143 3318 279 3393 eomputi
297 3313 471 3376 methodum
485 3317 645 3393 explanat,
668 3336 789 3376 rursum
802 3324 972 3394 temporum
991 3335 1081 3393 quem
1093 3316 1126 3375 in
1139 3336 1183 3379 vr.
1199 3334 1255 3374 ae-

141 3407 221 3459 tates
237 3401 406 3477 distribuit,
428 3401 556 3460 subinde
569 3400 734 3478 interserit,
758 3403 807 3461 veI
822 3402 907 3480 operi
921 3399 1054 3480 subjicit.

229 3570 366 3631 XXVIII.
409 3571 467 3633 Sed
481 3592 519 3632 an
534 3571 615 3633 idem
629 3574 660 3635 S.
672 3571 831 3646 Maximus,
855 3568 999 3630 Chronici
1012 3571 1109 3630 nostri
1125 3552 1420 3676 Pascha-bffsbzffii·

140 3654 182 3713 lis
198 3665 307 3716 auctor
328 3656 437 3719 haberi
459 3658 582 3734 debeat,
606 3658 690 3738 quod
711 3658 742 3717 in
753 3656 953 3736 suspicionem
966 3658 1051 3716 venit
1066 3655 1198 3730 Radere,
1217 3640 1323 3745 ut¹¹¹¹l¹i¹gi
1339 3642 1406 3746 P‘ff'

142 3740 378 3821 qui·imperante
393 3743 533 3804 IieraoIie
552 3745 683 3820 vixerit,
704 3747 860 3822 multaque
881 3743 1051 3824 scripserit,
1076 3712 1419 3820 atqueadeo„h„13,{„.

142 3836 321 3907 computum
337 3831 427 3889 etiam
439 3829 698 3906 Ecclesiasticum,
718 3830 747 3887 si
768 3829 799 3889 id
814 3832 957 3889 attentius
971 3828 1173 3907 expendatur,
1194 3824 1251 3883 mi·
1276 3831 1298 3884 P
1314 3829 1368 3915 24·
1396 3899 1404 3915 .

141 3930 202 3969 nus
225 3933 299 3974 vero
321 3932 488 3976 consonum
509 3914 671 3979 videbitur.
715 3916 757 3974 Ut
780 3916 858 3976 enim
878 3917 908 3976 S.
925 3914 1074 3974 Maximus
1097 3903 1418 3983 auraeciaetotexnu·

141 3994 220 4076 ipsis
240 4002 483 4077 praemunisse
501 4001 650 4082 scriptore
670 4021 788 4084 semper
800 4000 926 4091 'habitus
945 4009 1008 4075 est,
1037 3999 1081 4058 ita
1100 3968 1418 4058 1²asetntis¹¹¹⁸¹¹t’⁰⁸⁸'lb

179 4212 215 4349 'i
254 4252 358 4351 agse's.
412 4255 420 4273 ’
468 4256 482 4274 ”
536 4255 543 4269 ’

178 4350 211 4419 ·)
227 4349 293 4419 ng.
311 4354 371 4407 sss.
