3026 4900
258 312 336 387 876
692 312 937 379 NOTAE

179 490 182 497 '
260 480 361 549 omnis
391 489 422 542 et
449 478 609 559 dignitates
639 479 851 554 continentur,
883 476 964 571 apud
987 475 1065 538 Lnd.
1088 477 1244 539 Camenam
1264 477 1317 540 lih.
1339 500 1361 539 1.

259 566 363 648 Antiq.
389 567 472 646 dect.
499 587 567 648 cap.
589 585 653 625 xrr.
683 586 701 624 a
729 564 858 624 Grutero
888 563 1003 623 emissa.
1047 563 1192 623 Placitum
1217 564 1283 623 Cos.
1307 584 1365 624 ex·-

199 693 205 704 .
259 652 369 736 pungit
391 651 576 712 Holsteniua.
621 652 691 710 Post
718 647 801 709 hunc
831 650 1024 709 Consulatum
1054 650 1198 710 inseritur
1226 649 1260 708 in
1289 650 1363 709 cod.

259 739 407 799 Vaticano
430 736 560 813 Tabula,
584 756 638 798 seu
658 737 751 810 Ruta,
774 756 863 813 quam
880 734 932 795 hic
949 734 1064 795 damus.

349 827 419 900 Peg.
442 821 514 887 584.
540 828 588 887 17.
634 820 898 902 Κωνσιαννιαναὶ]
914 819 1172 902 constantinopol.
1187 817 1298 879 Christ
1311 818 1365 881 lib.

261 929 282 970 1.
303 917 376 970 sect.
400 927 498 969 xxvn.
518 927 550 968 n·
574 928 603 971 v.
880 974 885 981 ,
1119 950 1122 955 ,

349 999 419 1071 Peg.
444 992 516 1059 535.
543 998 571 1057 1.
616 991 831 1055 Κωνσταντῖνα
851 988 886 1056 ad
909 986 961 1071 ς’.]
992 992 1061 1070 heg.
1089 983 1125 1052 δ’.
1154 1010 1193 1049 ex
1217 990 1313 1053 Fastis
1337 996 1366 1049 et

262 1079 337 1139 eod.
360 1077 475 1138 Theod.
496 1078 579 1138 Fasti
599 1078 666 1156 alii,
694 1088 729 1138 ut
754 1077 914 1156 Capitolini
937 1086 967 1136 et
990 1076 1162 1137 Laterculus
1184 1076 1367 1137 Praefector.

260 1166 334 1226 tlrb.
365 1165 408 1225 sic
437 1184 550 1223 annum
575 1163 659 1223 hunc
688 1162 878 1223 describente
912 1162 984 1222 Post
1000 1163 1174 1223 Consulatum
1194 1162 1320 1221 Amuntii
1342 1166 1368 1219 et

260 1251 361 1313 Albini.
404 1249 614 1327 Fragmentum
648 1248 812 1308 consulare
841 1259 871 1308 et
897 1247 1041 1308 Paschale
1069 1256 1189 1307 centum
1221 1267 1368 1307 annorum

264 1334 348 1417 'apud
374 1333 574 1395 Bucherinmr
602 1334 668 1394 Post
694 1335 820 1395 Amantio
847 1341 874 1396 et
899 1334 1003 1395 Albino.
1046 1334 1155 1394 Notam
1184 1333 1369 1393 numeralem

262 1419 314 1481 hic
336 1420 418 1480 delet
439 1419 516 1482 cod.
539 1418 697 1480 Holstenii.

349 1509 419 1584 Pag.
441 1504 513 1571 535.
534 1509 563 1571 3.
610 1502 792 1585 Ρονφῖνον]
829 1504 923 1585 Rufras
959 1502 1073 1563 dicitur
1107 1503 1273 1562 Hincmaro
1309 1504 1369 1562 lie·

263 1589 357 1652 mensi
380 1599 421 1653 to.
444 1610 477 1648 11.
499 1611 529 1671 p.
551 1590 623 1656 460.
638 1589 710 1657 475.
753 1590 812 1649 Sed
835 1591 915 1650 Fasti
938 1610 1039 1650 omnes
1059 1588 1190 1669 Rufinum
1212 1599 1330 1648 vocant

349 1679 420 1753 Pag·
443 1677 514 1743 535.
537 1681 567 1742 6.
609 1676 779 1757 Λιμενῖον]
810 1677 841 1736 Is
876 1677 973 1757 Ulpius
994 1675 1134 1735 Limenina
1159 1673 1220 1733 hoc
1249 1690 1372 1753 quoque

262 1781 343 1822 anno
371 1763 440 1821 Cos.
470 1771 503 1823 et
531 1762 704 1823 Praefectus
733 1761 807 1822 Urbi
834 1761 914 1839 fuit,
944 1772 979 1822 ut
1003 1769 1049 1821 est
1076 1760 1108 1820 in
1129 1778 1221 1841 supra
1248 1760 1374 1823 laudato

260 1849 430 1909 Latereulo.

350 1938 421 2011 Peg.
444 1930 515 1996 535.
537 1937 567 1997 7.
611 1926 816 2015 Αιιειιινῖνθη]
854 1930 966 1992 Iisdem
1004 1950 1100 2010 paene
1135 1931 1254 2007 verbis,
1297 1944 1383 2009 quae,

262 2018 397 2079 versioni
418 2017 608 2096 inseruimus,
630 2015 706 2077 haec
726 2027 809 2078 recte
828 2018 922 2079 refert
942 2016 1058 2077 Idalius
1077 2018 1109 2076 in
1127 2017 1223 2079 Fastis
1235 2015 1275 2075 ad
1290 2016 1372 2075 Con·

263 2104 393 2164 sulatum
429 2103 527 2180 Sergii
562 2112 594 2163 et
624 2103 776 2182 Nigriani,
809 2125 870 2183 quo
900 2103 1062 2180 contigere.
1112 2102 1189 2163 Vide
1218 2102 1373 2162 Victuram

262 2186 397 2267 Sabelli,
424 2189 579 2249 Socratem
598 2189 654 2252 lib.
675 2210 710 2248 11.
734 2210 896 2270 cap.xx11.
919 2199 950 2250 et
970 2190 1062 2263 alios,
1091 2197 1247 2270 praeterea
1275 2189 1373 2247 Scali-

263 2294 369 2354 gerum
399 2274 438 2334 ad
469 2274 579 2337 Chron.
608 2276 730 2337 Eusebii
750 2330 752 2333 ,
759 2296 790 2357 p.
812 2276 885 2367 253,
907 2285 937 2335 et
959 2274 1194 2336 Grandamicum
1214 2283 1307 2356 parte
1327 2294 1372 2333 111.

264 2358 376 2422 (ihren.
400 2358 511 2419 Christ.
535 2382 564 2441 p.
586 2366 658 2428 116.

351 2450 421 2523 Peg.
442 2445 514 2513 535.
536 2450 567 2512 8.
610 2448 712 2530 Αρξας
733 2444 784 2528 ἕνη
804 2443 865 2529 ιβ]
884 2445 966 2508 Haec
987 2445 1081 2507 verba
1096 2445 1248 2507 duntaxat
1262 2446 1372 2505 absunt

264 2552 281 2592 e
305 2530 346 2591 ud
368 2531 505 2590 idatium.

282 2552 302 2611 P
351 2622 421 2694 Peg.
444 2615 517 2682 535.
540 2621 590 2683 10.
635 2612 843 2697 Νενιοτιανός]
878 2617 1026 2698 Eutropia
1056 2636 1160 2677 sorore
1187 2619 1374 2681 Constantini

263 2712 362 2779 natus.
406 2700 482 2761 Vide
500 2702 604 2766 Famil.
625 2702 749 2783 Byzant.

306 2810 309 2815 ⁴
352 2792 422 2865 Peg.
444 2784 516 2851 535.
530 2787 590 2853 ι14.
633 2780 805 2866 Λεόντιος]
823 2787 899 2847 Vide
920 2786 1156 2866 Philostorgium
1176 2790 1231 2854 lih.
1245 2811 1294 2849 111.
1310 2812 1374 2872 cap.

264 2892 341 2932 xrn.
365 2882 396 2932 et
416 2891 504 2930 xvrrr.
554 2872 644 2932 Hunc
670 2873 751 2932 inter
776 2873 918 2933 Atrianos
946 2873 1101 2934 Antistites
1126 2895 1247 2958 semper
1270 2897 1374 2937 recen·

265 2965 311 3016 set
335 2956 530 3032 Athanasius,
563 2967 592 3017 et
614 2952 796 3032 ἅπόιιονιον,
826 2978 880 3019 seu
901 2968 1064 3019 castratum
1085 2972 1183 3037 vocat.
1226 2960 1372 3023 Theodo-

265 3036 344 3101 rilus
374 3041 427 3100 lib.
449 3061 482 3100 11.
511 3040 588 3103 Hist.
619 3043 699 3104 licel.
730 3062 795 3125 cap.
818 3065 850 3107 x.
881 3045 1003 3104 natione
1031 3045 1180 3126 Phrygem
1207 3048 1301 3108 fuisse
1322 3049 1372 3124 ait,
1478 3082 1479 3087 ι

266 3122 323 3208 τήν
345 3123 379 3190 δὲ
398 3120 526 3208 γνώμην
544 3129 719 3211 κρυψίνουν
728 3179 742 3212 ,7
769 3127 822 3192 καὶ
843 3124 897 3204 ταῖς
917 3124 1059 3209 ιῖφιῖῖονς
1086 3126 1195 3215 ιιέτρας
1221 3128 1374 3216 uenerias-
1478 3116 1479 3147 ³

267 3235 334 3276 νον.
379 3212 456 3272 Vide
478 3222 814 3295 praetereaoap.xx1v.
856 3216 945 3275 Unde
966 3238 984 3275 a
1007 3216 1137 3295 quodam
1159 3217 1273 3278 Ariane
1296 3219 1373 3279 Sori-

266 3308 354 3379 ptore
382 3297 457 3359 haee
483 3298 619 3361 hausisse
646 3302 807 3362 Auctorem
837 3300 978 3360 chronici
1006 3304 1129 3382 quidam
1161 3305 1285 3381 volunt,
1323 3303 1373 3384 qui

266 3395 432 3465 tantopere,
446 3386 568 3461 laudet,
601 3407 689 3467 quem
711 3388 761 3447 alii
782 3388 1007 3468 perstringunt:
1043 3390 1125 3468 quod
1152 3389 1265 3450 accidit
1286 3391 1317 3450 in
1337 3390 1372 3450 iis

266 3471 444 3550 quaeinfra
467 3471 504 3532 de
528 3473 644 3533 Meletio
667 3482 779 3534 narrat.

354 3560 424 3634 Peg.
448 3558 520 3623 536.
546 3562 594 3622 13.
638 3552 783 3639 Σαῖιιωρις
803 3556 854 3638 dl]
886 3560 928 3618 lle
949 3558 1008 3617 hac
1030 3557 1124 3618 altera
1145 3559 1201 3618 suh
1224 3559 1371 3620 Constan-

266 3639 311 3699 tio
339 3640 491 3701 Nisibensi
521 3642 676 3702 obsidione
703 3654 795 3725 agunt
822 3644 959 3704 Julianus
989 3644 1074 3704 Orat.
1104 3665 1126 3704 1.
1147 3650 1178 3704 et
1199 3666 1235 3705 11.
1266 3645 1372 3705 Philo-

266 3725 397 3802 storgiue
418 3726 469 3786 lib.
491 3748 537 3786 111.
557 3749 624 3809 cap.
646 3730 735 3788 xxrn.
756 3730 931 3791 Theodorit.
953 3730 1005 3789 lib.
1026 3749 1060 3788 11.
1085 3748 1150 3811 cap.
1171 3750 1246 3792 xxx.
1274 3733 1372 3790 Geor-

173 3814 181 3831 ·
269 3809 334 3887 gius
361 3810 606 3873 Hamartolusin
629 3813 739 3875 Chron.
765 3817 826 3878 Ms.
847 3816 972 3878 Cedren.
993 3815 1102 3874 Zonar.
1131 3814 1372 3899 Albupharaijus,

269 3903 300 3953 et
323 3896 383 3954 alii.
426 3897 484 3958 Sed
505 3898 538 3957 in
559 3899 665 3978 primis
686 3901 885 3961 conferendus
906 3899 1121 3980 Theophanes,
1144 3903 1197 3980 qui
1218 3901 1295 3963 haec
1315 3904 1372 3962 iis-

222 4014 224 4020 ι
269 3978 338 4039 dem
361 3980 462 4041 verbis
489 3983 597 4063 quibus
618 3985 735 4045 Auctor
755 3987 898 4049 chronici
919 3987 1019 4049 refert.
1063 3985 1141 4048 Vide
1167 3988 1262 4051 Heus.
1284 3988 1371 4048 Vale-

269 4065 346 4125 sium
367 4067 406 4125 ad
423 4066 474 4127 lib.
493 4089 544 4129 xx.
568 4069 725 4134 Ammiani.

353 4149 428 4231 Peg.
450 4150 521 4219 537.
546 4159 575 4221 1.
620 4155 684 4219 Καὶ
706 4161 845 4233 Βασιλεῖς
873 4153 1067 4238 produceris]
1096 4157 1267 4217 Praefectos
1296 4159 1372 4217 forte

269 4237 512 4338 Provinciarum,
535 4261 612 4340 quos
635 4246 771 4317 Βασιλεῖς
793 4243 881 4303 etiam
903 4241 1092 4345 appellabant
1113 4244 1235 4342 Persae:
1266 4242 1371 4324 quibua
1453 4286 1456 4293 .

265 4340 337 4385 ¹cum
354 4336 557 4409 imperarent,
577 4326 648 4391 mde
669 4332 809 4404 Βασιλεῖς
828 4327 981 4395 Βασιλέων
1000 4350 1034 4390 se
1054 4328 1268 4396 inscribebant.
