2992 4894
242 288 293 358 ρο
645 275 953 347 rnnarnrlo.

243 447 538 534 circumamicto,
561 445 612 518 ,du
638 444 697 527 odat
730 446 806 511 aiom
836 445 906 513 οίίτε
930 443 1087 534 δισμύριοι
1118 446 1277 532 μυρτίδες,
1306 446 1348 525 ὃς

244 532 376 600 Πλοίτυυ
390 536 466 616 ἔφη,
489 545 546 598 etc.
591 534 723 594 Eandem
745 543 826 596 certe
844 533 1017 596 methodum
1038 555 1072 595 ac
1085 530 1350 598 scabendissrnro-

173 638 175 643 '
243 642 312 684 uem
340 632 474 682 secutum
499 629 652 684 auctorem
678 619 828 693 Paschalis
848 619 1007 696 Chronioi,
1038 622 1122 701 quod
1147 623 1348 703 publicamus,

245 710 294 770 vel
309 707 381 767 hinc
400 715 541 788 apparet,
563 705 646 786 quod
663 724 724 765 non
736 705 827 766 modc
841 704 1027 767 Christianae
1046 707 1200 791 religionin
1216 706 1350 790 primon-¹

245 794 296 853 dia
309 814 344 852 ec
357 792 512 853 historiam
532 790 569 850 ab
587 791 655 872 ipsa
671 789 776 850 mundi
797 792 948 861 creatione
964 801 1100 873 repetat.
1123 806 1234 874 resque
1246 792 1349 855 ludai-

197 870 201 877 *
246 897 296 938 cas
317 878 471 958 diligenter
493 886 709 958 persequatur,
731 875 784 936 sed
808 876 895 936 etiam
912 896 989 938 vana
1007 877 1170 938 Gentilium
1192 879 1273 939 circa
1288 894 1349 938 'sua

246 965 382 1025 Numina
404 963 544 1025 traducat
567 971 597 1022 et
618 962 733 1022 evertat
759 972 922 1023 commenta
939 960 991 1045 ¹),
1019 962 1092 1023 dum
1120 963 1215 1027 solide
1238 965 1350 1044 probat

246 1070 323 1130 quos
340 1049 504 1109 adorabant
524 1049 604 1107 Deos
626 1046 763 1107 homines
779 1047 871 1108 fuisse
892 1048 1050 1125 mortales,
1076 1049 1218 1109 indicatis
1240 1046 1350 1129 quilius

221 1135 314 1216 ‚ipsi
327 1136 432 1196 vixere
459 1132 601 1207 saeculis,
633 1132 818 1214 proindeque
843 1134 1016 1215 religionem
1046 1134 1214 1212 iudaicam,
1237 1148 1262 1211 ,a
1292 1155 1352 1214 qua

145 1228 149 1235 '
248 1219 414 1280 Christiana
426 1219 630 1300 promanavit,
651 1220 737 1296 longe
757 1228 825 1279 ante
845 1220 1008 1279 Saturnum
1023 1239 1058 1279 ec
1080 1219 1184 1280 iovem
1206 1220 1350 1281 extitisse.

159 1319 234 1385 1213
251 1305 320 1379 Quo
346 1313 481 1386 spectant
499 1305 557 1364 ista
583 1303 742 1385 Cypriani,
765 1323 820 1365 seu
843 1304 966 1365 alterius
986 1304 1145 1384 scriptoris
1167 1306 1198 1365 in
1214 1305 1294 1365 libr‘o
1315 1305 1352 1365 de

248 1390 387 1451 Vanitate
398 1389 567 1451 Idolcrum:
589 1388 669 1450 Dece
691 1408 750 1450 nen
764 1413 822 1449 esse
835 1413 909 1471 quos
932 1386 1004 1450 nolit
1016 1386 1143 1470 vulgus,
1157 1388 1234 1452 dinc
1248 1404 1353 1451 notum
1369 1378 1377 1391 ⁶

249 1490 300 1536 est.
329 1472 437 1556 xReges
456 1472 527 1536 clim
543 1472 690 1560 fuerunt,
712 1475 763 1556 qui
784 1473 821 1534 od
845 1472 969 1556 regalem
988 1477 1160 1536 memoriam
1187 1472 1248 1537 coli
1271 1471 1354 1555 opud
1425 1500 1428 1507 ⁴

248 1581 318 1620 snos
338 1557 525 1640 postmodum
553 1561 641 1618 etiam
669 1560 701 1617 in
721 1572 816 1619 morte
837 1574 1007 1641 coeperunt:
1034 1557 1188 1620 insistitis
1217 1561 1354 1620 instituto

248 1640 376 1725 templo,
397 1643 467 1704 inde
483 1643 524 1703 od
539 1640 743 1730 dplunctorum
754 1641 852 1703 valan
866 1668 920 1725 per
934 1646 1091 1726 imaginem
1113 1642 1283 1705 detinendos
1295 1666 1354 1703 ex-

151 1748 155 1763 *
246 1751 348 1810 presan
371 1727 552 1791 simulacro:
581 1750 651 1788 nom
679 1742 706 1787 et
733 1726 930 1790 immolabunt
956 1728 1082 1799 hostius,
1119 1743 1146 1788 et
1173 1724 1235 1788 dies
1254 1728 1355 1815 festm

250 1810 353 1872 dando
369 1811 479 1874 honore
492 1810 686 1876 celebrabant.
730 1810 808 1873 Inde
821 1815 947 1896 posteris
956 1811 1054 1898 factu
1071 1827 1139 1873 sunt
1155 1835 1260 1887 sacro,
1281 1835 1356 1896 quoe

247 1899 353 1979 primis
361 1952 368 1961 ,
367 1895 497 1982 fuerant
518 1912 668 1978 assumpto
687 1894 807 1961 solatio.
855 1899 930 1958 Cum
959 1899 1053 1976 igitur
1072 1898 1157 1967 dnae·
1172 1919 1210 1958 ex
1231 1898 1355 1958 scientia

248 1991 419 2060 temporum
442 1994 522 2044 artes
547 1984 751 2059 efflorescant,
771 1982 870 2063 inquit
885 1984 1040 2061 Petavius,
1063 1984 1159 2044 altera
1179 1996 1255 2063 quae
1275 2003 1356 2043 com·

249 2067 393 2145 putistica
407 2070 498 2147 vulgo
512 2069 699 2151 appellatur,
721 2078 752 2128 et
772 2068 852 2128 circa
871 2069 1006 2129 Ganones
1024 2089 1060 2128 ac
1070 2069 1193 2146 'regulas
1213 2068 1355 2128 ordinan-

251 2149 361 2210 dorum
376 2151 416 2213 sd
431 2153 550 2214 civilem
567 2173 653 2213 usum
674 2162 844 2233 temporum
864 2165 1019 2233 versatum
1042 2154 1135 2215 altera
1157 2174 1246 2233 quem
1259 2153 1356 2213 Chro-

250 2235 399 2315 nclogiam
419 2238 561 2315 dicimus,
589 2239 679 2299 certis
698 2239 778 2298 notis
807 2249 837 2299 et
858 2238 980 2299 indiciis
1005 2238 1235 2319 praeteritarum
1256 2258 1355 2300 rerum

250 2318 422 2383 memoriam
451 2325 513 2385 suis
538 2324 726 2407 temporibus
754 2324 896 2403 assignet,
923 2324 1294 2404 utrumque·complexus
1313 2333 1366 2383 est·

252 2416 359 2467 auctor
380 2408 548 2487 Panchalis,
575 2410 647 2469 dum
667 2409 773 2470 seriem
798 2418 986 2488 temporum,
1005 2410 1129 2488 -quibus
1151 2406 1278 2469 subinde
1308 2429 1357 2468 res

251 2501 349 2568 gestas
378 2493 535 2566 adscribit,
563 2492 669 2551 sedulo
694 2494 904 2573 prosequitur,
926 2503 957 2555 et
985 2494 1121 2563 Cenoma
1149 2489 1358 2577 ἕορταστυτοτλς

250 2574 472 2656 Paschalesque
487 2576 615 2638 subinde
628 2576 788 2639 interserit.
1335 2591 1350 2602 “”

88 2750 189 2807 lllndns
202 2751 244 2807 vi·
337 2744 434 2806 xvu.
475 2745 627 2806 incertum
648 2764 743 2826 porro
763 2767 802 2807 an
821 2747 977 2830 Hippolyti
995 2750 1166 2811 Chronicon
1187 2748 1268 2821 idem
1286 2750 1358 2810 scri.

88 2821 159 2875 ⁴⁸1st
174 2824 239 2876 ⁸⁶15·
254 2832 325 2908 ptor
342 2848 476 2909 unquam
496 2831 624 2909 viderit,
645 2832 694 2892 vel
712 2834 833 2910 legerit,
855 2833 892 2892 ab
920 2855 1015 2915 eoque
1039 2836 1185 2915 quaedam
1215 2834 1359 2914 hauserit,

89 2891 305 3015 ffi‘pfflyel
317 2934 389 2975 sane
401 2934 449 2976 res
462 2914 551 2977 hasce
568 2916 719 2977 tractandi
731 2918 905 2979 methodum
927 2922 1094 3003 exceperit,
1116 2921 1189 2980 dum
1209 2919 1359 2993 Paschalis

146 3067 153 3082 ·
257 2996 429 3060 festivitatis
448 3000 670 3081 investigandae
689 3002 834 3063 rationem
844 3048 853 3080 ,
874 3025 974 3065 rerum
995 3016 1145 3084 gestarum
1158 3003 1360 3086 Chronologi-

163 3097 310 3156 v120ae
329 3082 526 3165 descriptioni
545 3087 744 3163 intermiscet,
773 3089 842 3149 licet
866 3089 1063 3171 hippolytum
1086 3093 1124 3150 ab
1147 3111 1183 3152 eo
1204 3091 1360 3151 visum'ex

255 3167 417 3248 praedictis
430 3172 569 3249 colligere
587 3173 715 3233 fortasse
735 3173 840 3250 liceat,
861 3175 954 3255 idque
970 3176 1096 3236 suadere
1112 3176 1304 3256 aliquatenus,
1313 3177 1361 3236 vi·

255 3251 363 3313 deatur
379 3254 476 3336 ipsius
490 3255 633 3318 Chronici
647 3257 771 3335 titulus,
797 3259 883 3341 cujus
906 3260 967 3320 duo
985 3263 1166 3345 exemplaria'
1187 3260 1220 3320 in
1241 3262 1359 3322 Scoria·

254 3335 331 3397 lensi
350 3339 439 3419 llegis
464 3341 611 3402 Catholici
627 3342 812 3404 Bibliotheca
836 3345 968 3405 extitisse
990 3334 1136 3408 docemur
1157 3360 1195 3406 or
1218 3338 1359 3425 Gatalogo

255 3421 439 3485 Groeoorum
460 3426 608 3487 Codicum
625 3428 896 3511 manuscriptorum
908 3430 1059 3508 necdum,
1087 3431 1121 3491 ni
1135 3432 1241 3508 fallor,
1266 3428 1359 3506 edito,

256 3525 385 3608 quorum
396 3511 483 3591 prior
497 3511 578 3573 hanc
597 3514 822 3595 inscriptionem
841 3517 990 3595 praefert:
1013 3518 1226 3595 Μαρκελλίνου
1239 3517 1290 3580 καλ
1308 3521 1382 3579 ln·-

256 3595 407 3669 πολντου,
428 3592 498 3676 ἤτοι
511 3591 628 3678 ἐδήλου
645 3595 772 3680 ἐπιτομὴ
793 3599 911 3681 χρόνον
937 3595 999 3664 dno*
1019 3598 1110 3681 Addp
1131 3601 1290 3684 μέχρττῆς
1303 3607 1362 3664 Βα-

257 3677 369 3773 σιλείας
387 3682 558 3760 Ηρακλείου
577 3688 634 3746 τοῦ
651 3683 739 3761 νέου,
759 3685 880 3748 uolenti
900 3681 998 3749 αὐτοῦ
1020 3688 1093 3750 vinni
1116 3690 1360 3750 tornantem,

223 3844 227 3849 ἢ
257 3759 342 3863 Altus
360 3782 449 3825 vero:
484 3765 625 3849 Επιτομῆ
652 3765 767 3850 χρόνον
790 3764 852 3833 dmi
883 3767 974 3850 Attp
1001 3772 1120 3854 Πέτρου
1145 3768 1362 3853 Αλεξανᾶρείας

259 3847 443 3929 Μαρτυρος,
474 3854 621 3917 Κολλίνου
652 3853 702 3916 καλ
726 3849 898 3918 innotatus
905 3901 914 3932 ,
943 3852 1145 3936 ip‘roi-oidn'lov
1171 3855 1256 3937 μέχρι
1278 3861 1361 3938 Ηρα·

257 3930 358 3992 alalon
373 3937 430 3995 mni
445 3932 535 4012 νέου,
556 3936 609 3999 καλ
629 3940 862 4002 Κοονσταντίυου
879 3945 937 4004 τοῦ
947 3940 1021 4006 etot
1035 3935 1140 4006 ου’τοῦ.
1184 3943 1243 4001 Ubi
1256 3942 1287 4001 in
1301 3941 1360 4020 pri·
1472 4000 1473 4013 ,

211 4054 213 4059 ,
258 4033 307 4075 mo
319 4034 376 4095 pro
394 4021 568 4098 Βασιλείας,
588 4023 746 4102 legendum
773 4023 896 4086 indubie
917 4023 1080 4108 ὑπατείας,
1110 4031 1229 4117 tametsi
1247 4037 1362 4089 caetera

111 3027 145 3082 lis

293 4281 324 4348 ¹)
342 4281 474 4367 Epiphen.
492 4285 518 4340 in
535 4289 630 4345 ducor.
647 4307 672 4346 n.
692 4292 749 4348 107.
769 4296 835 4355 1⁰8..
