3028 4898
458 330 661 399 cunonlcl
680 328 909 405 resonans.
1165 332 1239 410 158

126 498 202 564 638.
220 494 317 555 Paulo
339 495 378 554 Il.
398 505 429 555 et
449 497 594 558 Varrone.

128 584 205 648 539.
224 578 320 639 Fabio
346 581 477 643 Maximo
500 593 530 643 et
552 582 681 644 Grecho.
1071 580 1076 591 ’
1196 595 1298 647 end·-

128 666 204 733 540.
224 665 319 725 Fabio
340 666 471 728 Maximo
488 666 527 730 11.
550 677 580 730 et
601 669 753 734 Marcello.
1194 682 1318 729 mutan

128 752 205 818 541
226 750 360 813 Maximo
381 762 414 814 et
427 753 580 815 Graccho
1197 768 1319 815 autentu.

128 835 205 903 542.
223 836 357 898 Pulchro
378 848 408 897 et
429 839 548 900 Flacco.
1198 852 1276 900 rao.

127 919 206 987 543.
230 921 349 982 Galva
349 933 379 984 et
401 925 589 993 Centumalo,

7 1040 9 1049 ·
128 1004 205 1072 544.
228 1007 363 1086 Lebyino
386 1019 416 1070 et
432 1011 583 1073 Marcello.

129 1088 207 1158 545.
228 1092 322 1153 Fabio
345 1102 377 1153 et
393 1095 512 1157 flacco.

128 1174 206 1244 546.
228 1178 372 1245 Marcello
392 1190 423 1242 et
443 1180 591 1265 Crispino.

130 1259 206 1328 547.
229 1264 349 1326 Nerone
370 1275 401 1327 et
421 1267 599 1329 Salinatore.

7 1376 9 1403 ι
130 1342 207 1413 548.
230 1349 351 1410 Metello
374 1361 405 1412 et
424 1353 538 1414 Filone.

112 1430 206 1499 549.
232 1435 373 1516 Scipione
395 1445 426 1497 et
445 1439 552 1498 Craeeo
574 1436 677 1499 divite.

131 1512 206 1583 550.
229 1519 377 1599 Caethego
398 1533 428 1583 et
448 1522 607 1585 Tuditano.

132 1597 205 1666 551.
228 1605 376 1685 Caepione
398 1618 428 1667 et
448 1608 585 1671 Servilio

131 1685 206 1752 552.
228 1691 346 1751 Nerone
369 1701 401 1752 et
422 1694 605 1768 Servilio.

130 1768 204 1838 553.
229 1775 355 1836 Lentulo
377 1788 407 1838 et
428 1780 530 1839 Paeto.

131 1854 206 1923 554.
231 1861 325 1922 Galba
346 1861 385 1921 ll.
408 1875 438 1925 et
455 1866 551 1925 Cotta.

19 1968 26 1979 ’
132 1941 206 2008 555.
228 1947 355 2007 Lentulo
378 1958 409 2009 et
428 1951 580 2031 Tappulo.

133 2026 207 2094 556.
228 2032 374 2092 Flaminio
397 2045 428 2095 et
448 2036 530 2095 Peto.

134 2121 207 2190 557.
231 2116 364 2195 Cethego
386 2130 417 2180 et
433 2120 522 2184 Ruso.

133 2206 207 2275 558.
228 2202 401 2284 Porphyn'o
424 2215 455 2266 et
475 2206 628 2266 Marcello.

133 2293 208 2359 559.
230 2289 319 2349 Feato
341 2298 371 2349 et
391 2291 510 2351 Flacco.

134 2377 207 2445 560.
229 2374 372 2456 Scipione
392 2376 536 2436 Africano
559 2385 591 2436 et
611 2378 723 2458 Longo.

135 2465 208 2530 561.
233 2459 375 2520 Merrulla
397 2471 428 2523 et
448 2462 570 2523 Hermo.

135 2547 209 2615 562.
231 2545 381 2605 Flaminio
402 2557 434 2608 et
455 2546 663 2612 Ahenobarbo.
714 2556 727 2577 '¹

96 2636 99 2641 ’
135 2633 207 2699 563.
232 2630 394 2691 Glabrione
416 2641 446 2693 et
465 2632 583 2698 Naeiea.

135 2719 208 2786 564.
232 2715 371 2796 Scipione
393 2728 423 2777 et
442 2718 550 2784 Lellio.

134 2801 207 2870 565.
230 2802 396 2863 Wulacone
416 2814 447 2864 et
467 2803 631 2870 Nobiliore.

135 2887 207 2954 566.
231 2887 398 2948 Salinatore
417 2899 447 2949 et
467 2889 604 2952 Maenala.

134 2974 209 3043 567.
232 2972 349 3052 Lepido
372 2981 402 3033 et
422 2975 577 3036 Flaminio.

135 3058 208 3127 568.
233 3057 342 3117 Albino
365 3069 395 3118 et
418 3059 570 3141 Philippo.

49 3216 53 3220 ,
134 3144 208 3210 569.
231 3141 361 3203 Pulchro
385 3154 415 3204 et
435 3146 598 3206 Tuditano.

138 3233 213 3296 570.
236 3227 369 3288 Pulchro
386 3231 426 3289 ΙΙ.
450 3239 479 3290 et
500 3231 626 3293 Licinio.

135 3313 211 3380 571.
234 3313 382 3374 Labaeme
403 3323 435 3375 et
455 3316 610 3380 Marcello.

135 3397 210 3465 572.
231 3398 402 3480 Pamphilio
424 3411 455 3461 et
474 3402 577 3462 Panlo.

135 3485 211 3550 673.
234 3484 363 3565 Cethego
386 3496 416 3546 et
434 3486 614 3567 Pamphilio.

135 3570 211 3636 674.
231 3568 342 3630 Albino
365 3580 396 3631 et
414 3572 532 3637 Pieone.
577 3640 582 3653 p

135 3652 211 3719 575.
230 3654 389 3736 Acindyno
412 3667 442 3717 et
455 3657 575 3720 Flacco.

135 3737 211 3808 576.
234 3740 330 3800 Bruto
352 3750 385 3805 el
403 3742 545 3809 aneone.

136 3823 212 3889 577.
233 3825 366 3888 Pulchro
387 3837 418 3888 et
439 3827 588 3891 Graccho.

136 3911 211 3976 578.
235 3910 377 3992 Scipione
399 3922 429 3975 et
450 3914 564 3975 Petico.

136 3995 210 4059 579.
232 3996 347 4076 Lepido
369 3998 406 4061 Η.
429 4008 459 4059 et
479 4000 635 4065 Scaebola.

137 4079 210 4144 580.
231 4084 328 4141 Albino
349 4094 377 4143 et
398 4090 534 4150 Scaevola.

139 4163 211 4230 581.
236 4165 348 4226 Albino
370 4177 402 4229 et
421 4171 540 4253 Benate.

138 4248 212 4316 682.
233 4252 347 4312 Lanato
368 4261 399 4313 et
419 4253 514 4316 Aelio.

139 4331 213 4402 583.
237 4337 401 4400 cremet
419 4340 531 4422 Longo.
