2992 4894
503 297 815 367 PRAEFATIO.
1161 304 1213 378 47

97 483 158 538 bna
172 473 553 556 Qtympirdiscemrxm
574 484 671 534 eunte
688 493 732 533 rr.
746 473 807 553 'qui
821 490 869 532 nr.
894 471 953 532 luit
967 471 1118 552 spirituas,
1140 478 1215 535 co'n·

95 563 220 638 ficitur,
248 560 401 623 Proculus
421 580 476 620 suo
497 560 662 621 Consulatu
684 559 855 640 proximam
877 558 974 636 signet
988 559 1215 640 Olympiadem:

100 670 180 707 anno
202 647 286 707 enim
310 665 352 710 τι.
376 644 565 726 Olympiadis
587 646 737 709 Ausonius
758 644 872 705 Consul
892 644 962 705 luit.
1003 645 1092 707 Unde
1117 647 1149 707 in
1166 668 1215 707 se-

99 733 205 813 quenti
219 734 444 830 Epigrammata
457 731 653 793 Consulatum
671 750 760 791 suum
781 751 846 791 esse
867 733 909 790 ait
930 745 1067 811 quartum
1090 730 1129 789 ab
1143 735 1214 809 imo,

97 821 152 879 ubi
161 819 313 898 quamvis
329 818 405 879 satis
418 817 548 879 obscure
568 827 621 877 aut
640 816 806 895 improprie
824 817 984 894 loquatur,
1002 816 1104 894 innuit
1120 819 1215 877 Scali-

96 925 170 982 ger,
198 904 280 965 satis
305 903 437 965 ostendit
460 922 537 963 enno
560 923 604 967 rr.
630 901 818 982 Olympiadis
849 922 882 962 se
908 901 1002 961 fuisse
1027 902 1215 979 designatum

98 989 286 1064 cumulem,
307 999 345 1049 ut
354 989 449 1051 estin
461 987 559 1049 Fastis
574 986 727 1049 Chronici.
761 989 870 1066 Longe
886 986 1004 1067 qnippe
1023 989 1216 1049 verisimilior
1233 978 1256 1031 Ρ
1274 979 1310 1035 33

99 1076 245 1154 Scaligeri
277 1074 398 1137 videtur
421 1074 630 1153 interpretatio
656 1073 819 1137 Ausoniani
844 1073 1087 1153 Epigrammetis,
1124 1092 1216 1151 quem

98 1159 285 1239 Petavii1).
336 1159 491 1239 Quicquid
511 1159 589 1219 enim
612 1160 638 1220 is
663 1169 768 1219 contre
785 1159 874 1234 velit,
894 1159 1036 1218 Lustrum
1059 1168 1089 1218 et
1108 1159 1217 1239 Olym-

98 1248 164 1327 pias
187 1246 220 1304 in
243 1265 285 1305 eo
306 1245 618 1324 Epigrammrteidem
637 1254 753 1307 sonant.
796 1245 855 1305 Sed
874 1244 972 1325 major
986 1244 1215 1305 restdifficnltes

100 1333 133 1391 in
154 1331 357 1393 conciliandis
379 1331 612 1411 Olympiedibns
633 1350 702 1391 cum
715 1331 820 1390 lustris
839 1330 907 1389 5115,
920 1330 1046 1390 Iulianis
1063 1332 1142 1410 epud
1158 1334 1218 1390 So—

101 1428 231 1493 cratem,
265 1416 358 1497 cujus
371 1418 459 1479 locos
484 1425 610 1496 uterque
634 1416 796 1496 expendit,
827 1425 859 1477 et
886 1416 926 1474 de
953 1416 1064 1495 quibus
1085 1417 1216 1476 invicem

102 1502 325 1581 digladienturs
347 1502 456 1581 quibus
469 1502 594 1581 quidem
618 1502 831 1562 conmonemiir
848 1503 929 1561 inter
942 1522 1066 1581 magnos
1086 1502 1154 1563 illos
1166 1502 1216 1562 vi-

18 1634 20 1637 -
100 1609 152 1649 ros
169 1587 368 1662 dirimendis,
389 1607 488 1668 nequa
499 1587 646 1667 judicium
663 1607 762 1647 meum
779 1589 970 1666 interponens
977 1588 1097 1665 >ausim,
1117 1608 1216 1667 neque

101 1675 127 1732 si
148 1675 241 1733 velim
268 1673 300 1733 id
324 1673 423 1752 quoad
442 1693 506 1732 rem
527 1682 714 1753 praesentem
735 1672 819 1733 hand
841 1673 942 1751 magni
957 1674 1091 1733 interest
1135 1673 1216 1733 lllud

102 1759 252 1819 duntaxat
269 1758 430 1818 observare
444 1757 575 1827 sufficiat
592 1779 627 1818 oo
642 1770 791 1839 spectasse
808 1760 970 1836 Georgium
984 1760 1157 1838 Syncellum
1167 1755 1215 1842 ²),

102 1844 174 1904 dum
198 1844 242 1904 eit
266 1863 329 1903 non
355 1845 487 1903 omnium
510 1842 592 1924 apud
612 1862 714 1903 omnes
736 1844 859 1903 eandem
882 1842 978 1905 fuisse
1001 1843 1225 1948 Olympiadum

101 1930 271 1990 rationem·
294 1924 386 2006 ὅθεν,
400 1930 524 2032 inquit,
546 1928 598 1992 sni
619 1935 683 2004 τοῖς
702 1929 1008 2007 Εικλησιασιιιιοῖς’
995 1935 1157 2011 ιστορικοῖς
1179 1921 1217 1991 ον’

103 2009 363 2117 συμπεφώνηται,
394 2009 435 2087 ὥς
466 2014 527 2077 ἐστι
547 2021 661 2096 podiis
690 2021 754 2089 τοῖς
782 2010 914 2096 doulon}
915 2038 980 2087 νοις
1004 2021 1069 2089 τοῖς
1092 2013 1217 2078 ἐκείνων

102 2094 279 2182 γράμμασιν
289 2095 555 2206 ἐντυγχάνοντας,
588 2100 686 2180 quod,
709 2111 744 2161 ut
763 2100 834 2161 elibi
850 2100 949 2177 addit,
972 2118 1033 2159 non
1054 2121 1156 2160 earum
1179 2100 1218 2159 sit

103 2188 160 2266 plot
182 2186 236 2248 nul
258 2178 347 2263 αὕτη
355 2185 452 2257 θέσις.
499 2186 534 2244 ln
555 2202 590 2245 eu
612 2196 712 2245 tamen
737 2180 871 2265 Scaliger
894 2195 924 2245 et
942 2186 1082 2247 Petavius
1105 2207 1218 2245 conve·

103 2271 211 2347 nium,
234 2269 316 2349 quod
332 2269 515 2329 Consulatus
536 2290 591 2348 per
614 2272 810 2349 quadriennis
825 2290 966 2348 componi
958 2271 1110 2330 solitos
1100 2293 1133 2331 ιη
1148 2272 1220 2329 citi·

18 2358 28 2365 “
103 2376 171 2419 mae
185 2355 345 2417 vetustatis
360 2354 517 2415 annalibus
537 2354 661 2415 tradant
680 2365 807 2435 propter
824 2356 971 2413 Julianam
985 2357 1218 2428 tetrasteridem,
1238 2351 1263 2403 V
1279 2349 1316 2405 3⁰

104 2440 141 2500 de
162 2462 221 2520 qna
241 2441 265 2500 ii
286 2441 425 2522 pluribus
451 2450 544 2518 egunt
558 2437 612 2521 ³),
642 2440 723 2518 quod
748 2451 812 2503 tum
835 2436 969 2519 primum
992 2440 1126 2518 coepisse
1153 2440 1219 2499 fieri

103 2527 289 2586 verosimile
314 2535 376 2603 est,
398 2526 519 2606 quando
541 2524 700 2586 Pascbales
719 2527 770 2586 isti
792 2525 879 2605 Cycli
902 2545 970 2585 cnm
989 2526 1219 2585 nomenclatura
1254 2588 1261 2605 ,

105 2610 270 2671 Consulum
286 2620 356 2672 sunt
379 2612 537 2686 adornati,
562 2611 593 2670 in
615 2614 724 2691 quibus
745 2611 841 2671 notati
862 2621 933 2670 sunt
953 2609 1089 2669 Bissexti
1109 2612 1219 2691 quovis

58 2752 62 2763 ,
106 2697 304 2776 quadriennio
329 2697 427 2757 instar
452 2697 668 2779 Olympiadum
696 2707 895 2757 recurrentes.
949 2694 1062 2755 Scribit
1089 2700 1220 2795 Symeon

19 2836 21 2849 ,
105 2781 305 2860 Logotbeta4
313 2779 324 2862 )
354 2784 549 2883 Olympiades
577 2792 643 2842 tum
670 2784 801 2864 primum
826 2780 951 2841 desiisse
980 2783 1132 2841 numerari
1161 2780 1218 2841 sub

106 2866 269 2928 Theodosii
297 2867 397 2946 Magni
422 2869 526 2944 initia,
557 2869 666 2948 quibus
691 2868 792 2963 inquit
819 2886 991 2927 successere
1018 2864 1218 2927 Indictiones:

109 2946 266 3056 Ολυμπιας
283 2955 424 3033 σημαίνει
439 2977 497 3035 την
512 2957 694 3035 τετραετίαν
709 2942 868 3036 ηρξατσ
844 2979 865 3034 η
889 2947 1012 3033 τοιαύτη
1035 2947 1218 3036 πανήγυρις,

108 3031 344 3141 ὅτεΜανασσῆς
364 3044 426 3101 ταῖν
448 3039 555 3103 Ioodui
555 3063 598 3102 ων
611 3039 803 3146 ἐβασίλευσε,
825 3037 879 3101 καὶ
892 3036 1110 3117 ἔφαλάττετσ”
1093 3064 1148 3113 sorr
1162 3063 1219 3117 της

108 3115 200 3222 cippus
219 3149 274 3187 του
262 3122 422 3187 ’ίΘεσδοσ
410 3125 512 3201 ison,
499 3119 562 3186 siret
579 3122 690 3207 ηρξατο
716 3119 956 3205 ἄναριθμεῖσθαι
974 3121 1120 3201 Ῑνὸιητος.
1164 3123 1218 3183 At

108 3210 156 3286 qni
177 3212 277 3289 palam
298 3220 344 3268 est
363 3211 451 3286 longe
473 3219 541 3269 ante
555 3209 758 3271 Theodosium
784 3211 948 3270 obtinuisse
969 3209 1155 3268 indictiones
1171 3205 1216 3291 ⁶).

107 3290 264 3356 Enimvero
293 3294 374 3374 quod
394 3295 541 3355 Eusebius
569 3306 640 3374 post
658 3318 721 3360 cun.
745 3296 954 3374 Olympiadem
979 3291 1035 3353 has
1058 3313 1219 3353 numerare

108 3377 246 3458 desierit,
285 3381 316 3440 id
344 3381 419 3440 fecit
449 3381 531 3460 qnod
560 3382 593 3439 in
618 3382 705 3441 istam
735 3381 884 3441 desineret
914 3378 1049 3440 Africani
1076 3378 1219 3454 Historia,

109 3484 195 3542 quam
212 3476 306 3525 totam
321 3465 492 3546 descripsit.
536 3465 610 3525 Nam
633 3467 776 3547 deinceps
796 3468 885 3526 etiam
902 3473 1073 3523 numeratas
1086 3464 1135 3523 vel
1149 3464 1220 3530 inde

109 3550 272 3628 colligitur,
302 3552 386 3630 quod
409 3551 564 3631 Dexippus
590 3574 700 3614 ccnxn.
729 3549 936 3633 Olympiadis,
967 3568 1026 3628 qua
1054 3549 1221 3608 Historium

109 3652 190 3693 suam
212 3636 364 3697 scribebat
383 3637 439 3696 sub
465 3634 607 3714 Claudio,
630 3638 816 3698 meminerim
844 3658 879 3696 ac
896 3636 1031 3694 Julianus
1051 3634 1221 3715 imperator

108 3716 139 3776 in
164 3720 353 3802 Olympiadis
381 3742 532 3784 cccxxxv.
558 3724 709 3813 ludicrum
732 3732 871 3804 sumptus
901 3721 1064 3782 contulisse
1095 3721 1220 3809 legatur.

113 3878 319 3897 Ἠ..-

142 3986 237 4114 ¹484
211 3991 379 4267 clay-4851·
336 3993 415 4050 9ds
432 3974 524 4047 Docti
540 3998 620 4062 temp.
638 3970 697 4063 cap.
714 3988 759 4049 40.
802 3989 902 4061 Scalig.
920 3988 960 4044 de
970 3978 1078 4043 limend
1095 3991 1174 4084 temp
1193 4003 1222 4054 p
