2944 4896
488 315 689 384 nussum
712 316 942 388 essenus.
1190 284 1263 399 1as

243 498 306 540 mv.
350 479 602 562 Epaphroditus,
630 485 718 567 cujus
746 487 881 548 meminit
900 486 1087 568 Apostolus,
1113 456 1174 571 *qui
1194 493 1261 553 An-

157 561 279 624 driscus
302 565 470 647 Episcopus
491 568 558 629 suit.

241 669 291 711 IN·
336 651 470 728 Caesar,
513 655 601 735 cujus
628 656 762 718 meminit
784 653 972 737 Apostolus,
1009 660 1061 738 qui
1090 659 1263 724 Dirrhachii
1382 699 1383 702 =
1426 633 1428 638 Ι

110 734 115 749 “
154 732 325 814 Episcopus
348 735 415 799 fuit.

241 840 306 881 avr.
351 821 485 882 Marinus
513 823 668 885 Barnabae
697 826 864 906 patruelis,
893 825 995 908 cujus.
1008 828 1098 890 etiam
1125 833 1263 897 meminit
1357 853 1361 864 ’

154 901 336 985 Apostolus,
359 906 413 985 qui
434 918 465 968 et
487 910 702 989 Apolloniados
723 907 782 972 sirit
802 911 979 993 Episcopus.
1268 931 1271 935 ’

239 1010 318 1050 nvn.
361 992 470 1072 leena,
501 996 672 1075 appellatus
699 998 825 1073 iustus,
860 995 948 1077 cujus
968 999 1105 1060 meminit
1126 1001 1261 1080 Aposto-

152 1073 202 1219 ἔω
230 1075 264 1135 in
295 1074 378 1136 Actis
405 1079 645 1160 Apostolorum,
688 1082 743 1162 qui
779 1091 810 1144 at
838 1082 1068 1165 Eleutheropoli
1093 1085 1263 1168 Episcopus

170 1159 226 1223 nit.

238 1264 328 1307 nvnr.
371 1246 527 1327 Artamas,
561 1251 648 1334 cujus
669 1250 993 1333 meminithpostolus
1005 1299 1014 1330 ,
1051 1255 1105 1335 qui
1123 1256 1262 1337 Lystrias

154 1327 214 1390 fuit
228 1330 414 1411 Episcopus.

239 1436 304 1479 arx.
350 1418 504 1497 Clemens,
533 1422 622 1502 cnjus
648 1421 783 1482 meminit
812 1423 995 1502 Apostolus,
1028 1425 1160 1487 ubisit:
1194 1428 1261 1489 (hess

155 1497 288 1561 Clerrseste
307 1510 334 1562 et
355 1509 564 1583 cooperatorstns
583 1512 669 1585 asna,
698 1508 752 1587 qui
773 1517 804 1571 et
831 1509 951 1588 primus
979 1530 1018 1570 ex
1041 1511 1210 1573 Gentilibus
1231 1526 1262 1576 et

155 1585 280 1646 Graecis
300 1589 333 1649 in
356 1588 507 1652 Christum
528 1594 676 1671 credidit,
705 1602 735 1653 et
757 1594 951 1672 postmodum
973 1596 1115 1659 sardicae
1137 1600 1262 1679 Episco-

152 1690 213 1750 pns
234 1672 303 1735 fnit
421 1696 424 1703 ·
1250 1676 1252 1685 '

237 1776 291 1820 ux.
334 1759 560 1840 Onesiphorus,
589 1761 676 1843 cujus
698 1762 833 1825 meminit
855 1762 1032 1844 Apostolus,
1060 1768 1113 1847 qui
1134 1767 1261 1848 Episco-

152 1860 214 1923 pus
236 1843 296 1904 fnit
317 1845 481 1910 Coroneae.

239 1948 303 1988 nxr.
346 1930 514 2011 Tychicus‚
537 1929 625 2011 cujus
647 1931 783 1992 meminit
805 1930 986 2013 Apostolus,
1017 1935 1068 2014 qui
1091 1945 1122 1996 et
1143 1935 1260 2016 primus

152 2011 257 2074 estitit
279 2013 448 2097 Episcopus
470 2015 667 2076 Calchedonis
692 2017 852 2098 Bithyniae
874 2019 967 2079 urbis.
1040 2034 1043 2039 '

237 2119 312 2158 nxrr.
358 2103 491 2181 Carpus,
517 2104 604 2182 cujus
625 2103 759 2162 meminit
772 2104 953 2183 Apostolus,
975 2105 1028 2184 qui
1051 2104 1279 2182 esturhoaas

152 2182 207 2260 (sic
224 2185 289 2262 leg.)
311 2185 459 2247 Threciae
482 2187 566 2249 urhis
587 2188 756 2268 Episcopus
778 2189 845 2249 fuit.
1321 2186 1323 2191 ’

237 2286 325 2336 axin.
368 2273 510 2349 Evodus',¹
544 2283 614 2352 post
640 2273 760 2332 Petrum
791 2273 970 2352 Apostolum
998 2273 1175 2348 Antiochiae
1202 2275 1262 2337 suit

150 2353 338 2436 Episcopus,
361 2359 448 2440 cujus
472 2357 560 2418 etiam
579 2357 714 2417 meminit
738 2359 912 2437 Apostolus.
995 2416 1000 2423 ,

237 2462 322 2503 sxrv.
366 2442 582 2520 Aristarchus,
614 2442 702 2525 cujus
724 2442 814 2504 etiam
835 2442 973 2504 meminit
993 2442 1175 2524 Apostolus,
1206 2444 1260 2522 qui

151 2532 182 2585 st
203 2526 353 2607 Apameae
375 2526 480 2608 Syriae
501 2528 559 2589 suit
580 2529 759 2610 Episcopus.

238 2630 310 2673 uxr.
353 2614 490 2690 Marcus,
512 2614 565 2694 qui
586 2624 617 2675 et
631 2615 760 2675 loannes
782 2613 897 2690 dictus,
921 2613 1007 2693 cnjus
1029 2612 1126 2677 Lucas
1147 2613 1257 2675 memi-

150 2698 197 2760 nit
217 2698 252 2758 in
271 2698 355 2758 Actis
378 2699 610 2780 Apostolorum,
632 2700 684 2780 qui
706 2699 797 2779 Bybli
815 2698 878 2759 fuit
898 2698 1078 2777 Episcopus.

235 2803 321 2845 nxvr.
364 2782 457 2851 Zenas
484 2786 652 2861 Notarius,
689 2786 778 2866 cujus
808 2785 898 2846 etiam
924 2783 1060 2865 meminit
1080 2783 1256 2864 Apostolus,

151 2869 206 2950 qui
227 2878 258 2930 et
278 2869 446 2949 Episcopus
466 2871 524 2931 fuit
544 2872 730 2953 Diospoleos.

171 2952 175 2959 ’
235 2974 334 3016 nxvrr.
375 2954 578 3032 Philaemon,
617 2957 657 3017 ad
683 2977 774 3036 quem
802 2955 893 3016 etiam
919 2953 1088 3035 Epistolam
1125 2953 1256 3034 scripsit,

151 3039 206 3121 qni
227 3049 259 3102 at
278 3040 447 3121 Episcopus
473 3042 572 3102 Gazae
591 3042 658 3104 fuit.
982 3040 985 3049 ’

158 3144 161 3147 ·
235 3144 345 3186 uxvm.
376 3146 463 3187 um.
493 3148 566 3190 axx.
609 3125 820 3202 Aristarchus,
847 3134 878 3186 et
901 3124 1041 3200 Pudens,
1070 3131 1101 3183 et
1123 3122 1256 3205 Trophi-

150 3230 229 3275 mua.
271 3209 311 3271 Hi
332 3221 393 3271 tres
415 3214 447 3272 in
469 3210 606 3273 omnibus
632 3210 892 3292 persecutionibus
914 3230 982 3269 oum
999 3209 1145 3288 Apostolo
1168 3208 1255 3280 diva·

149 3297 229 3375 isati,
258 3296 383 3357 tandem
402 3300 515 3359 Romae
544 3318 614 3358 cnm
638 3298 747 3359 eodem
767 3295 914 3379 Apostolo
935 3295 991 3357 sub
1011 3294 1131 3354 Nerone
1151 3294 1256 3374 impe·

149 3391 254 3479 ripere
276 3383 376 3463 capite
397 3383 480 3465 plexi
501 3393 589 3460 sunt.

218 3466 317 3527 'Haec
344 3476 391 3529 tar
418 3469 607 3529 beatissimus
635 3468 770 3547 felixque
806 3465 927 3548 omnino
958 3458 1151 3534 Dorotheus,
1184 3480 1254 3521 cum
1336 3501 1339 3505 ,

38 3543 43 3551 ’
147 3551 263 3613 Romae
285 3563 409 3632 ageret,
440 3556 575 3614 Romano
596 3573 732 3615 sermone
751 3554 785 3612 in
813 3547 1041 3612 commentarios
1061 3545 1188 3623 retulit,
1215 3566 1254 3607 ex

149 3638 264 3718 quibus
285 3661 305 3698 a
326 3639 414 3699 nobis
436 3650 608 3720 exceptam
636 3660 673 3699 ac
693 3641 725 3699 in
747 3640 892 3699 Graecam
913 3634 1044 3713 linguam
1066 3651 1253 3705 conversam,

150 3723 342 3807 septuaginta
357 3725 574 3809 discipulorum
596 3722 817 3802 collectionem,
842 3717 1069 3817 eamquofidam
1084 3717 1252 3791 severitati

552 4114 563 4211 ι’
681 4178 688 4189 .

193 4421 488 4479 Chronisos'l'uaolsole
509 4428 560 4479 nol.
576 4426 612 4479 ll.
