3028 4898
255 278 330 350 αιο
366 295 368 298 <
496 278 677 346 εειεοει
694 258 755 341 ἰο
777 275 1145 344 ιιιυευιαεεοαεα

257 448 361 526 στενῆς
374 437 550 524 ψηφουτοῖ
570 440 674 527 τρόπω
693 437 800 529 τοάτρο.
842 441 923 507 Δέον
947 444 1044 523 ζητεῖν
1058 439 1121 518 ἷτάς
1146 438 1279 515 ἐπακτοῖς
1300 446 1359 506 τοῦ

256 532 294 611 Θ
308 529 363 594 ιιαλ
373 533 428 610 τῆς
442 530 476 603 D.
519 530 563 592 At
578 527 612 592 δέ
626 528 752 593 έπαιιταλ
765 532 821 592 τοῦ
835 528 875 607 Θ
890 526 1078 611 ειῖρίσιιονται
1094 523 1198 601 οὕτως.
1221 521 1285 590 άιτῖ
1300 532 1358 608 τῆς

256 616 329 680 νυνλ
342 611 523 696 διελθούσης
538 606 565 678 α’
581 610 786 696 έπινεμήσεως
798 619 852 676 τοῦ
866 615 965 697 τρίτου
981 613 1065 688 έτονς
1080 618 1118 699 τῇ
1133 607 1257 698 εῖὸοιιίμ
1274 617 1359 675 Θεοῦ

256 700 403 783 η’μετέρας
423 701 590 781 βασιλείας,
623 699 694 764 ῖέον
714 694 856 780 άριθμεῖν
886 693 1003 773 πάντας
1028 696 1102 772 τοῖς
1131 697 1359 780 συναγομένους

257 782 433 865 ἐνιαυτοῖς,
455 782 555 869 ὥσπερ
566 788 625 849 νῖν
632 784 718 868 μέχρι
731 789 785 864 τῆς
797 781 990 864 ἐνισταμένης
1003 779 1040 847 ια’
1048 779 1252 865 έπινεμήσεας
1265 780 1357 846 συνά-

259 888 364 956 γονται
380 869 429 952 έτη
443 868 493 935 ια’.
536 870 599 934 Καὶ
611 869 680 935 δέον
699 872 803 952 λαβεῖν
823 865 856 932 τά
878 866 904 933 δ’
922 864 1023 932 αιίτοῖυ
1039 868 1092 933 ααλ
1106 876 1289 952 προσθεῖναι
1303 863 1359 931 αὖ·

260 963 325 1032 τοῖς
346 953 420 1039 ῖτιερ
443 956 503 1021 έστι
524 951 598 1020 δύο·
623 951 648 1020 δ’
670 952 728 1039 γάρ
747 950 803 1019 έάο
820 955 956 1038 γίνονται
968 950 1008 1035 η’,
1031 949 1236 1036 α’πομενοῖσιν
1256 949 1291 1036 γ’,
1311 946 1359 1016 νῖν

261 1046 354 1106 τινοῖν
368 1037 405 1105 ου’
422 1041 493 1106 δέον
507 1036 580 1106 τάδ’
597 1043 713 1123 λαβεῖν·
738 1035 813 1104 ου’τά
834 1037 891 1123 γάρ
912 1037 949 1105 τά
972 1040 1041 1123 τρία
1056 1036 1093 1103 τά
1109 1039 1239 1121 μένοντα
1252 1040 1360 1119 σημαλ

261 1146 350 1192 νουσι
363 1124 401 1190 τά
413 1130 482 1210 τρία
499 1127 549 1208 έτη
567 1123 604 1189 τά
621 1122 693 1209 μετά
707 1123 759 1191 τῖν
778 1126 921 1202 δίσεξτον.
968 1129 1034 1189 Οσα
1055 1119 1114 1209 γάρ
1135 1124 1260 1206 μένουσι
1282 1121 1359 1206 μετά

261 1209 295 1278 τὸ
314 1215 417 1294 λαβεῖν
434 1210 468 1276 τά
485 1207 523 1288 δ’,
544 1211 603 1276 ε’ίτε
622 1214 677 1289 έν,
699 1212 756 1276 εἴτε
778 1205 853 1288 δύο,
878 1212 935 1275 εἴτε
955 1213 1038 1294 τρία,
1062 1210 1104 1290 [εί
1115 1209 1147 1290 η]
1170 1208 1207 1273 τά
1225 1209 1292 1290 έτη,
1315 1208 1360 1285 ἀῖς

262 1299 379 1403 είρηται
392 1293 429 1359 τά
446 1296 518 1380 μετά
535 1293 590 1368 ,τῖν
613 1299 745 1374 δίσεξτον
758 1297 946 1377 σημαίνουσι.
969 1296 1032 1359 Καὶ
1047 1290 1084 1360 ου’
1097 1298 1146 1359 δεῖ
1154 1290 1269 1359 τούτων
1283 1301 1358 1377 λαμ·

262 1385 370 1464 βανειν
394 1379 428 1446 τά
449 1377 484 1447 δ’.
526 1381 607 1446 Δέον
629 1375 707 1460 οὖν,
734 1381 776 1457 οῖς
796 1382 926 1464 είρηται,
951 1379 986 1446 τά
1010 1376 1037 1446 δ’
1056 1386 1119 1445 τοῖν
1142 1379 1360 1464 συναγομένων

260 1467 336 1532 έτοῖν
357 1461 416 1530 άπῖ
436 1473 491 1549 τῆς
511 1463 538 1530 α’
557 1464 759 1550 έπινεμιάσεως
777 1462 904 1532 πάντοτε
921 1465 1119 1551 προστιθέναι
1138 1462 1233 1553 αὐτῇ,
1257 1461 1359 1549 ὅσπερ

149 1562 173 1613 V
194 1557 248 1619 ³84
263 1557 398 1627 οὖντοῖς
419 1548 458 1616 ια’
473 1552 565 1630 έτεσι,
587 1550 622 1619 τά
636 1548 661 1617 δ’
677 1548 792 1631 αὐτοῖν,
813 1553 980 1630 τουτέστιν,
1003 1549 1040 1616 τά
1054 1547 1092 1634 β,
1109 1551 1161 1615 ιιαλ
1177 1548 1251 1634 μετά
1264 1548 1297 1615 τά
1310 1551 1359 1634 γέ·

259 1644 372 1702 νεσθαι
388 1634 445 1718 τήν
459 1633 625 1721 πρόσθεσιν
643 1644 699 1703 τοῦ
712 1635 778 1713 ένῖς
788 1632 824 1716 δ’,
846 1638 916 1703 δέον
940 1631 1229 1720 πάντοτεάφαιρεῖν
1246 1640 1281 1700 έν
1305 1635 1359 1701 ιιαλ

151 1723 157 1732 '
260 1725 389 1807 μερίζειν
401 1725 443 1798 τίς
455 1721 510 1788 τάν
526 1718 552 1799 ζ’
569 1720 716 1808 α’ριθμὸν,
741 1722 793 1788 ιιαλ
806 1719 843 1786 τά
859 1718 1018 1808 γινόμενα,
1037 1720 1106 1803 ι’ῖτοι
1120 1722 1249 1804 μένοντα
1261 1721 1358 1805 λέγειν

259 1805 314 1885 τάς
338 1807 467 1885 ἐπακτοῖς
486 1805 565 1874 εἶναι
582 1815 639 1875 τοῦ
657 1810 706 1891 Θ.
750 1813 856 1893 Ωσπερ
877 1814 937 1874 υιῖν
960 1808 1017 1874 είσῖ
1039 1804 1078 1872 ια’
1098 1809 1148 1889 έτη
1169 1805 1207 1871 τά
1227 1802 1359 1889 άπὸ-τῆς

259 1888 383 1978 πρτῖτης
395 1891 612 1978 έπιυεμήσεοις,
632 1893 667 1960 τῖ
683 1892 710 1960 δ’
722 1891 837 1960 τούτων
859 1890 897 1977 β,
919 1894 1171 1979 προστιθεμένων,
1185 1898 1247 1957 τοῖν
1268 1889 1295 1976 β’
1315 1895 1357 1975 γλ

202 2016 205 2021 -
260 2004 363 2044 νονται
381 1977 426 2062 ιγ’.
469 1979 594 2059 Αφελῖυ
608 1976 636 2046 α’
651 1975 797 2058 πάντοτε,
819 1979 961 2063 μένουσιν
979 1975 1027 2062 ιβ’,
1048 1980 1100 2043 καλ
1122 1980 1293 2063 μερίζοντες
1315 1980 1358 2053 είς

261 2062 317 2128 τάν
332 2061 358 2139 ζ’
372 2059 583 2149 άριθμάν,ιια“ι
599 2072 757 2142 ποιοῦντες
767 2068 803 2130 έν
818 2062 857 2145 ζ’,
871 2064 1049 2149 εῖρίσιιομεν
1063 2065 1152 2129 πέντε
1161 2062 1215 2128 τάν
1229 2063 1359 2146 μένοντα

150 2160 172 2214 Ρ
189 2160 244 2215 478
262 2144 415 2233 α’ρνθμάυ,
436 2151 489 2214 ιιαλ
503 2146 594 2216 αὗταλ
608 2153 685 2216 είσλν
697 2154 731 2216 αἱ
741 2150 868 2217 έπαιιταλ
880 2157 936 2216 τοῦ
947 2155 999 2235 Θ,
1020 2156 1075 2232 τῆς
1089 2146 1128 2214 ια’
1145 2144 1358 2231 έπινεμήσεως.

262 2235 307 2298 Αἱ
320 2232 354 2298 δέ
367 2235 492 2300 έπαιιταλ
506 2238 597 2319 τῆς)
615 2237 806 2324 ειῖρίσιιονται
820 2234 925 2313 οὕτως.
968 2236 1051 2301 Δέον,
1064 2232 1123 2301 άπὸ
1142 2241 1196 2317 τῆς
1217 2230 1359 2317 ἐπινεμή-

264 2339 340 2395 σεως
361 2325 416 2403 τῆς
436 2321 487 2386 έπλ
506 2327 686 2408 Μανριιιίου
707 2330 762 2389 τοῖ
783 2325 817 2388 έν
838 2319 957 2405 ειίσεβεῖ
972 2327 1012 2410 τηῙ
1024 2316 1123 2403 λήξει,
1146 2325 1276 2404 μερίζειν
1288 2317 1362 2396 τοῖς

264 2400 411 2489 χρόνους,
434 2407 544 2484 οἵτινές
557 2411 614 2473 είσι
629 2410 713 2492 μέχρι
729 2414 783 2491 τῆς
797 2403 835 2472 ια’
844 2403 1045 2490 έπινεμήσεως
1059 2403 1110 2485 λό’,
1131 2406 1182 2471 τιαλ
1200 2406 1271 2471 δέον
1285 2402 1360 2471 πάν-

262 2515 328 2554 τοτε
346 2487 415 2555 ῖσαι
432 2493 776 2579 έννεαιιαιῖειιαετηρίῖες
796 2492 945 2578 εῖρεθοῖσι
958 2492 1113 2570 ν’τιεξελεῖν
1129 2493 1162 2557 έιι
1175 2497 1220 2578 τῷ
1232 2512 1360 2574 συναγο-

265 2575 365 2657 μένων
389 2573 525 2658 γράνων,
554 2580 606 2643 καλ
632 2578 704 2655 τοῖς
728 2575 935 2687 άπομένοντας
953 2574 1083 2662 χρόνους
1101 2574 1360 2642 πολλαπλασιάσαι

266 2662 310 2735 εἰς
324 2658 379 2724 τῖν
393 2656 431 2725 ια’
447 2657 593 2746 α’ριθμόν·
614 2665 667 2729 καὶ
688 2665 759 2733 δέον
780 2673 924 2750 αφαιρεῖν
943 2661 1025 2741 ῖσοις
1048 2660 1087 2727 άν
1110 2659 1239 2748 εὕρομεν
1260 2668 1362 2745 μῆνας

265 2741 329 2810 άπὸ
348 2741 373 2808 λ’
387 2746 525 2830 η’μεροῖν·
552 2750 605 2812 καλ
630 2749 796 2831 εάρίσιιεται
817 2751 834 2815 ὅ
852 2743 1154 2832 νιαταλιμπαυόμευος
1177 2745 1308 2830 οἷριθμός
1329 2749 1363 2812 αῖ

266 2831 392 2895 έπαιιταλ
404 2837 460 2913 τῆς
473 2833 507 2907 D.
550 2839 657 2919 ῼστιερ
670 2842 730 2900 νῦν
750 2830 945 2942 λαμβάνομεν
960 2829 1021 2899 άπά
1041 2840 1096 2915 τῆς
1117 2829 1155 2916 η’,
1175 2833 1217 2909 οῖς
1237 2836 1361 2917 εἴρηται,

267 2911 470 3019 έπινεμήσετος
488 2917 573 2999 μέχρι
587 2925 641 3000 τῆς
651 2918 891 3003 ἔνισταμένηςια
914 2915 1114 3002 έπινεμήσεως
1134 2918 1294 2996 ἐνιαυτοῖς
1305 2913 1361 2983 λῖ·

264 2999 317 3061 καὶ
332 3007 523 3083 αφαιροιῖμεν
533 2999 651 3068 τοάτων
664 3004 720 3086 την
735 3008 808 3088 μίαν
822 3007 1171 3088 έννεαιιαιῖειιαετηρίὸα,
1189 3005 1242 3070 καὶ
1257 3005 1361 3087 μένου-

266 3103 315 3148 σιν
333 3084 383 3165 έτη
397 3080 439 3150 ιε’.
465 3092 565 3151 Ταῖτα
583 3090 889 3169 πολλαπλασιάζοντες
908 3091 958 3157 έπὶ
972 3087 1028 3173 την
1041 3087 1080 3156 ια’
1099 3086 1284 3174 συνάγουσιν
1297 3086 1361 3175 ρξε’.

266 3176 467 3272 Αιγαιροιῖμεν
488 3167 539 3238 ἄπ’
558 3172 657 3240 ου’τοῖν
677 3175 748 3253 τοῖς
767 3172 828 3243 άπῖ
843 3172 866 3240 λ’
892 3177 1015 3260 ημερτῖν
1041 3181 1155 3258 μῆνας,
1176 3176 1311 3242 τουτέστι
1324 3170 1362 3239 ελ’

266 3279 304 3338 ρν
325 3255 441 3339 η’μέρα,
458 3258 509 3322 καὶ
525 3261 667 3341 μένουσιν
681 3263 791 3346 ἡμέραν
809 3258 853 3343 ιε’,
876 3265 911 3326 αῖ
919 3262 997 3338 τινές
1008 3262 1063 3326 είσι
1080 3264 1114 3325 αῖ
1132 3262 1257 3326 έπακταῖ
1272 3259 1361 3343 τῆς)

267 3341 319 3403 καὶ
341 3339 410 3406 δέον
429 3341 558 3409 πάντοτε
576 3349 774 3430 προστιθέναι
793 3355 849 3430 τῆς
869 3350 893 3423 D
915 3343 991 3413 ὄιιταέ
1014 3345 1135 3432 ἡμέρας.
1179 3352 1286 3429 Ωσπερ
1307 3340 1362 3411 οὖν

267 3425 383 3510 ἔχοντες
403 3430 436 3493 έν
452 3435 492 3518 τῇ
505 3432 681 3521 ἐνισταμένη
703 3435 736 3498 έν
750 3431 789 3498 ια’
802 3430 976 3515 έπινεμήσει
989 3430 1042 3508 τοῖς
1056 3426 1187 3508 έπαιιτάς
1200 3438 1255 3513 τῆς
1268 3433 1293 3508 λ
1307 3427 1345 3513 ιβ
1354 3450 1360 3464 ·

267 3517 471 3615 προστίθεμεν
493 3512 598 3594 ου’ταῖς
616 3516 670 3594 τάς
691 3515 720 3601 η’
737 3518 869 3602 η’μέρας,
892 3519 945 3583 ααλ
964 3521 1101 3601 γίνονται
1114 3517 1201 3581 Ι*τοῖν
1221 3513 1362 3602 α’ρνθμοῖν

223 3633 230 3649 ·
268 3619 321 3678 ιιγ.
366 3600 428 3662 Καὶ
443 3600 512 3667 δέον
523 3607 628 3685 λαβεῖν
641 3600 770 3673 πάντοτε
790 3609 846 3669 τοιῖ
866 3599 1004 3688 άριθμοιῖ
1020 3601 1129 3670 τούτου
1148 3601 1203 3668 τάν
1222 3607 1362 3667 λείποντα

270 3680 317 3787 θές
324 3678 377 3755 τᾶς
389 3682 437 3763 μιῖ
447 3687 562 3768 ἡμέρας
573 3685 723 3771 άριθμόν·
744 3689 921 3775 ειῖρίσιιομεν
934 3686 1079 3773 γινόμενα
1094 3687 1148 3757 τὸν
1160 3686 1297 3772 άριθμῖν
1307 3683 1361 3766 ια’,

268 3788 322 3827 ιιαι
349 3772 488 3848 σημαίνει
507 3770 552 3836 ῖτι
575 3771 621 3837 ια’
638 3778 781 3856 Μαρτίου
804 3781 860 3856 τῆς
877 3775 1071 3857 ἐνισταμένης
1094 3771 1132 3838 ια’
1152 3772 1361 3857 έπινεμήσεοις,

268 3851 383 3932 γίνεται
397 3852 420 3934 ἡ
434 3851 471 3918 ιδ’
479 3861 533 3936 τῆς
546 3858 580 3931 D·
604 3860 674 3922 Είτι
686 3856 743 3944 γάρ
757 3855 1051 3943 έπάνωη’άιτομένοι
1063 3863 1241 3943 μεταλαβεῖν
1254 3862 1298 3934 είς
1311 3856 1363 3932 τάς

104 3948 115 3973 ·
131 3942 245 4017 ἡμέρας.
270 3928 320 4025 w?
331 3931 446 4020 *μέρον
459 3947 515 4004 τοιῖ
529 3947 674 4026 Μαρτίου
685 3946 756 4010 έστί.
802 3947 864 4009 Καὶ
884 3942 963 4010 οὕτω
978 3950 1027 4010 δεῖ
1039 3951 1170 4028 τηρῆσαι
1187 3942 1244 4025 ταῖν
1258 3941 1297 4009 ιδ’
1311 3950 1361 4023 τῆς

266 4020 299 4093 D.
322 4022 382 4084 Ετι
405 4023 437 4086 δέ
460 4019 552 4104 ἧττον
565 4036 627 4093 τοῖν
641 4026 670 4111 η’
686 4031 817 4117 ου’ρεθῇ,
840 4031 952 4095 εἰδέναι
973 4033 1043 4095 δέον
1065 4028 1111 4101 ὅτι
1128 4037 1184 4094 τοῦ
1197 4031 1361 4110 Απριλλίον

270 4104 367 4184 ἔστιν,
388 4105 466 4190 ὅτιῆ
477 4108 516 4175 ιδ’
528 4116 617 4194 τῆς)
630 4116 700 4179 ἔστι.
723 4116 788 4179 Καὶ
802 4113 856 4180 ἐάν
870 4117 990 4185 έλαττον
1001 4122 1062 4180 τοῖν
1075 4112 1103 4196 η’
1117 4117 1178 4181 ἔστι
1191 4117 1359 4194 τοῦΛπριλ

270 4191 352 4293 λίου,
375 4193 445 4271 δέον
458 4197 488 4272 ἐξ
507 4194 608 4263 αιίτοῖν
625 4208 687 4265 τοῖν
707 4198 877 4283 μεινάντων
900 4204 942 4277 είς
954 4200 1006 4266 τὸν
1029 4204 1169 4264 λείποντα
1188 4200 1232 4274 είς
1246 4196 1302 4269 ,τῖυ
1315 4193 1361 4279 μῖ

268 4274 455 4360 σριθμὸνέν
475 4280 603 4352 πάντοτε
622 4282 784 4372 άφαιρεῖν,
804 4286 856 4351 καλ
876 4286 896 4350 ὅ
915 4281 1215 4369 ααιαλιμπανβμενος
1235 4277 1362 4371 άριθμάς
