3026 4900
250 336 328 411 380
673 337 915 406 NOTAE

252 506 291 567 (le
312 525 372 584 qua
392 503 512 586 quidem
536 505 632 565 Crura
655 514 746 584 agunt
769 506 878 584 passim
900 507 1092 586 Scriptores,
1127 527 1161 566 ac
1188 508 1219 567 in
1248 508 1343 587 primia

251 591 470 669 Philostorgius
497 591 551 652 lib.
576 611 622 650 ιιι.
654 613 720 672 cap.
739 612 826 653 xxvi.
862 594 1045 651 sozomenus
1072 592 1126 650 lib.
1147 614 1193 652 ιιι.
1223 614 1288 673 cap.
1307 612 1344 653 ιι.

137 672 162 727 V
182 668 235 732 489
253 681 368 738 Auctor
389 678 474 749 vitae,
490 679 519 739 S.
543 677 685 754 Artemii,
708 688 764 738 etc.
808 679 847 738 At
875 698 943 738 cum
969 678 1003 737 id
1025 678 1170 738 accidisse
1193 678 1242 738 tie
1261 679 1346 738 Festo

251 765 449 824 Pentecostes,
463 762 598 838 dicatur,
622 764 674 841 qui
696 784 774 822 anno
797 783 890 824 occur.
913 764 946 822 in
968 783 1031 825 xix.
1054 764 1123 823 lllaii
1143 763 1271 837 incidit,
1299 763 1349 844 qui

250 848 316 909 fieri
338 857 438 928 potest
466 858 500 906 ut
528 869 575 909 ιιι.
597 849 664 910 Kal.
699 849 782 911 Febr.
813 849 916 909 eodem
945 870 1024 908 anno
1054 850 1236 926 contigerit,
1271 849 1349 927 quod

250 936 317 997 vult
340 934 469 1008 Matius,
496 934 538 993 ita
561 934 708 996 scribens:
732 936 774 996 Et
793 939 921 1014 apparuit
939 939 970 996 in
994 937 1104 995 Oriente
1126 941 1236 1013 rignum
1251 932 1349 994 Soleb-

154 1044 159 1059 ·
251 1025 318 1081 ton‘r
331 1020 374 1078 die
386 1040 433 1079 ιιι.
445 1019 509 1081 Kal.
522 1019 704 1095 Februarias,
725 1020 809 1080 Inane
823 1040 936 1084 xxrnr.
1282 1014 1286 1021 ⁴

337 1102 409 1184 Peg.
432 1104 503 1170 540.
530 1107 578 1169 18.
621 1105 778 1184 Στέφανος
800 1103 841 1179 ὥς
861 1104 883 1185 ef
906 1101 981 1187 ἶρις]
1016 1107 1137 1182 Suetou.
1158 1107 1190 1164 in
1216 1104 1350 1182 Augusto

251 1212 317 1272 cap.
338 1211 407 1250 xor.
429 1190 548 1270 Repente
559 1191 663 1270 lineriis
676 1214 711 1253 oe
729 1212 798 1270 puro
812 1212 899 1250 serore
914 1192 1030 1251 circulor
1048 1191 1085 1250 ael
1104 1194 1215 1269 operiere
1236 1193 1352 1257 caeluni

252 1280 339 1339 Areos
359 1280 443 1336 orbem
462 1276 537 1335 Solia
553 1278 654 1337 ambiit.
697 1277 755 1336 Ubi
777 1276 977 1337 consulendus
1001 1276 1203 1337 casaubonus.

339 1361 411 1424 Isse.
458 1361 519 1424 Καὶ
534 1366 573 1446 τῇ
590 1356 671 1447 αὐτῇ
689 1357 771 1447 o‘ipp]
795 1363 855 1421 Sed
874 1363 909 1420 id'
928 1382 1029 1441 nequa
1043 1381 1150 1422 rerum
1163 1380 1228 1421 esse
1243 1368 1353 1441 potest,

253 1466 321 1507 oum
343 1448 499 1506 Mursense
517 1448 664 1526 praelium
685 1449 844 1526 contigerit
866 1448 922 1520 sub
951 1446 1041 1507 finem
1062 1447 1225 1522 Autumni,
1254 1456 1291 1505 ut
1313 1455 1355 1504 est

254 1531 338 1613 apud
356 1533 504 1592 lulianum
528 1533 611 1596 Orat.
632 1554 645 1591 1
675 1534 723 1592 rel
745 1543 826 1593 certe
848 1533 977 1598 1v.'Ksl.
1001 1533 1125 1593 Octobr.
1141 1534 1249 1591 eodem
1268 1551 1351 1606 anno,

253 1628 289 1683 ut
314 1617 392 1677 idem
414 1618 529 1678 ldatius
559 1617 678 1679 scribit:
706 1620 761 1680 Hie
784 1619 973 1680 cerebellum
998 1619 1156 1697 Mugneotii
1173 1618 1238 1698 fuit
1258 1616 1353 1677 Morsu

254 1706 297 1764 die
309 1725 354 1765 rr.
368 1705 433 1763 Kal.
449 1705 554 1764 Octobr.

338 1787 411 1867 Peg·
433 1788 505 1855 541.
526 1791 557 1855 4.
604 1786 644 1853 To*
674 1784 730 1869 ζ’.]
766 1791 834 1870 Leg.
857 1783 888 1852 ε’.
942 1790 988 1849 Its
1020 1790 1098 1849 anim
1127 1788 1210 1848 Fasti
1239 1807 1352 1846 omnes:

252 1876 406 1937 Csmtonta'o
426 1897 454 1935 r.
480 1883 507 1936 et
527 1875 680 1949 Cnutomu
699 1877 820 1937 Caesare.
865 1874 1019 1935 Paschalis
1046 1875 1211 1935 laterculus
1234 1882 1353 1932 centum

251 1982 415 2022 annorum:
439 1962 593 2021 Constantia
607 1983 636 2023 v.
649 1969 676 2020 et
692 1963 847 2022 Constantio
861 1964 977 2023 tentore
1022 1961 1190 2036 Victorius,
1216 1960 1352 2033 Senator,

250 2057 280 2107 et
299 2049 390 2124 Leges
412 2047 528 2126 aliquot
550 2047 622 2106 cod.
639 2046 752 2109 Theod.
775 2058 809 2107 ut
820 2058 851 2108 et
867 2045 927 2107 hoc
945 2045 1136 2119 chronicon,
1153 2046 1354 2106 Constantior.

250 2139 277 2192 et
297 2130 446 2191 Comtente.
490 2133 537 2203 At,
555 2133 719 2193 laterculus
752 2135 846 2193 Praef.
875 2133 964 2193 Urbi:
994 2135 1121 2193 Ducentis
1144 2139 1171 2190 et
1189 2131 1296 2203 Paulo,
1317 2149 1353 2188 ex

250 2226 337 2298 parte
360 2217 474 2277 scilicet
495 2218 667 2296 Magnentii.
713 2214 809 2299 Apud'
822 2219 1034 2295 Holatenium,
1062 2217 1115 2279 καὶ
1138 2216 1353 2279 Κωνσταντίου

250 2304 340 2366 ναίον
358 2299 394 2366 rb
416 2298 452 2367 κ’.
472 2303 624 2365 scribitur.
668 2305 747 2364 Fasti
774 2305 928 2385 Vossiani,
955 2304 1009 2368 καὶ
1028 2304 1243 2367 Κωνσταντίου
1266 2302 1353 2364 soloe

250 2386 285 2455 rel
302 2383 336 2453 α’.
380 2390 503 2449 Rectius
525 2392 551 2450 si
571 2391 720 2452 scribatur
740 2388 822 2454 νέου.

337 2472 411 2552 Peg.
435 2475 505 2540 541.
530 2480 558 2540 6.
606 2475 647 2541 To*
663 2471 719 2557 η’.]
748 2478 815 2555 Lag.
839 2471 874 2539 etl
895 2469 929 2547 ς’.
972 2474 1023 2535 Sic
1051 2475 1128 2534 eninr
1151 2483 1274 2555 praeter
1299 2473 1352 2531 Fa·

251 2570 330 2633 stos,
361 2564 500 2621 Socrates
521 2562 573 2624 lib.
596 2584 627 2621 ιι.
649 2583 716 2642 cap.
739 2581 838 2622 mn.
860 2561 894 2624 ἐν
912 2563 1043 2645 Ynorelp
1064 2564 1122 2622 τοῦ
1141 2559 1353 2623 Κωνστανιίοιι

252 2642 286 2708 rb
304 2645 405 2722 tneor,
427 2646 477 2708 nul
495 2650 707 2713 Κωνστανιίου
720 2652 776 2711 τοῦ
792 2644 909 2710 Γάλλου
921 2643 955 2711 ιδ
969 2642 1119 2729 δεύτερον.
1142 2647 1180 2705 At
1199 2667 1258 2726 pro
1274 2646 1352 2703 Con-

252 2733 363 2791 stantio
387 2733 533 2807 Caesare,
571 2734 738 2794 Constantem
764 2734 857 2795 etiam
885 2734 988 2812 legunt
1018 2732 1134 2811 aliquot
1164 2733 1258 2810 Leges
1282 2728 1353 2789 Cod.
1478 2732 1479 2797 ἶ

251 2815 368 2876 Ήιιιοά.
385 2818 539 2878 Victorius
561 2828 591 2878 et
605 2822 747 2895 Senator,
769 2829 854 2879 utet
876 2819 908 2881 in
931 2820 996 2879 aliis
1019 2818 1154 2900 ejusdem
1172 2817 1258 2888 ,Gelli
1272 2816 1354 2875 Con-

251 2902 421 2979 sulatibus‚
442 2904 517 2963 adeo
539 2912 575 2964 ut
596 2908 770 2985 promiscue
793 2904 837 2965 sic
858 2906 1046 2985 appellatum
1067 2923 1143 2964 vero
1164 2903 1263 2963 simile
1288 2902 1335 2961 sit.
1478 2970 1479 2977 ἵ

342 2991 410 3064 Pag·
433 2988 503 3053 541.
528 2993 557 3054 8.
606 2986 647 3053 To*
664 2985 718 3068 ti]
748 2991 818 3068 Leg.
840 2986 875 3053 ιδ
898 2984 934 3064 ζ’.
962 2990 1115 3069 quomodo
1137 2989 1219 3049 Fasti
1242 3007 1353 3063 omnes,
1478 2988 1479 2995 ’

253 3070 306 3131 ubi
329 3071 401 3133 cod.
424 3071 539 3133 Theod.
560 3074 713 3137 Victorius
734 3085 765 3136 et
788 3071 915 3135 Senator
936 3098 995 3158 pro
1025 3076 1200 3138 Constantio
1230 3075 1354 3134 Caesare
1478 3144 1479 3147 Ἴ

248 3158 420 3218 ,Constantem
443 3161 638 3239 praeferunt,
662 3164 707 3222 uti
725 3162 903 3223 monuimus.
1478 3176 1479 3185 ¹

251 3314 253 3319 ,
340 3249 408 3323 Pag·
430 3247 503 3313 541.
529 3252 578 3312 10.
622 3253 670 3312 Εν
686 3243 787 3332 τούτῳ
807 3252 852 3332 τῷ
871 3245 946 3325 ἔτει]
977 3247 1134 3326 Perparam
1156 3266 1254 3305 annus
1276 3244 1354 3304 necis

252 3330 413 3405 Magnentii
435 3330 483 3391 hia
504 3333 584 3395 Cosa.
609 3332 800 3413 ascribitur,
821 3354 898 3413 quae
927 3332 1039 3391 accidit
1069 3332 1245 3392 Constantio
1265 3352 1306 3391 rr.
1326 3339 1355 3390 et

253 3416 430 3477 Constantio
461 3420 588 3481 Caesare
611 3420 691 3485 Cosa.
719 3429 756 3481 ut
785 3429 830 3479 est
860 3419 940 3496 apud
969 3421 1123 3478 Socratem
1151 3418 1205 3477 lib.
1228 3438 1261 3477 ιι.
1290 3437 1354 3495 cap.

252 3521 351 3565 txrn.
373 3513 405 3564 et
425 3502 555 3564 idatium
577 3506 609 3564 in
633 3507 743 3579 Fastis,
768 3507 822 3585 qui
846 3505 924 3563 diem
948 3504 1135 3583 consignavit
1156 3524 1204 3563 111.
1221 3504 1266 3563 ld.
1284 3503 1354 3578 Aug.

252 3600 361 3646 contra
383 3582 471 3667 quani
492 3591 610 3650 Auctor
632 3591 775 3652 chronici
798 3591 851 3669 qui
873 3588 1039 3650 1r.habet:
1062 3589 1118 3649 He
1134 3590 1205 3649 Corn
1221 3588 1355 3665 Magnen-

176 3691 179 3697 “
248 3675 309 3729 ann
333 3693 361 3732 ae
381 3674 515 3752 interfecit
535 3680 564 3736 in
577 3677 682 3738 Galliis
695 3668 948 3757 opudltegdunum
968 3677 1011 3734 die
1025 3695 1072 3734 ιιι.
1087 3674 1133 3736 la.
1149 3677 1223 3751 Aug.
1252 3674 1289 3732 At
1303 3672 1355 3731 De·

253 3760 356 3817 centius
370 3757 463 3836 frater
476 3759 638 3839 Magnentii
650 3765 745 3843 laqueo
761 3782 789 3822 re
801 3761 937 3839 suspendit
950 3780 1004 3822 xv.
1019 3762 1085 3820 Kal.
1103 3761 1178 3838 Sept.
1207 3758 1266 3818 Ubi
1282 3761 1354 3816 Sca·

252 3840 344 3918 liger:
374 3845 471 3918 Valde,
492 3847 606 3926 inquit,
629 3852 741 3909 turbent
762 3849 808 3909 illi
825 3847 991 3926 sosptem,
1013 3847 1076 3905 dum
1094 3847 1167 3907 ntus
1182 3845 1311 3904 Murrum
1326 3847 1355 3905 is

256 3924 354 3986 Gellio
380 3934 480 4008 ponit,
515 3928 677 4014 (Socrates
699 3937 766 3995 loco
788 3929 932 4014 laudato)
960 3934 1033 3995 oliuo
1051 3930 1244 4010 Magnentiacis
1260 3937 1356 4011 puncto

246 4016 377 4092 tempatis
396 4019 425 4073 iu
447 4036 544 4093 ugrum
558 4019 891 4096 lnrgdunnssempolasse
906 4019 1008 4097 sentit.
1040 4018 1144 4098 ‚Atqui
1168 4017 1283 4076 Auctor
1304 4037 1355 4075 no

255 4106 318 4157 ster
340 4099 435 4158 solum
457 4102 568 4180 fugisse
588 4105 710 4182 scribit,
745 4124 800 4163 nec
828 4103 950 4164 omnino
979 4103 1097 4163 abludit
1119 4103 1257 4175 Orosius.
1298 4099 1355 4163 Set

254 4180 345 4244 fidem
366 4205 427 4245 uon
448 4198 580 4263 meretur
602 4191 755 4271 Georgius
769 4189 977 4265 Hamortolus,
1000 4189 1053 4269 qui
1074 4199 1200 4250 manem
1219 4188 1306 4247 etiam
1327 4195 1358 4246 et

249 4267 379 4339 narrem
399 4276 491 4352 prius
515 4276 672 4343 occidisse,
687 4276 811 4350 scribit,
848 4272 967 4341 tametsi
998 4276 1174 4343 Decentium
1204 4275 1357 4339 Carenem

250 4352 363 4437 ,laqueo
383 4378 415 4419 se
436 4361 629 4443 suspendisse
654 4385 728 4429 mox
759 4361 865 4435 atldat:
891 4357 964 4443 'quo
993 4360 1077 4444 turpi
1104 4370 1134 4422 et
1149 4359 1355 4457 ⁴ignominioso
