2992 4894
213 320 215 325 ’
250 360 300 432 12
567 384 570 387 ,
651 349 957 417 traaaramo.

151 588 157 593 ,
249 528 396 605 adscribi,
428 528 500 590 licet
520 546 676 608 perperam
697 525 776 586 forte
798 519 944 605 seriptum
973 526 1065 586 suerit
1091 526 1268 605 Turonensi,
1301 518 1363 609 pro⁴

254 616 459 691 sannuncurt,
486 615 537 673 'ita
555 622 592 672 ut
618 611 803 672 amanuensis
827 611 972 690 quaedam
994 632 1032 671 ex
1055 611 1206 673 Chronico
1230 614 1362 674 Victoris

248 699 458 760 Tunnunensis
470 701 503 759 in
517 699 619 759 Airica
645 697 800 776 desumpta
813 716 876 756 esse
895 698 1020 758 innuere
1039 698 1190 775 voluerit,
1223 701 1306 779 quod
1327 701 1360 759 in¹

249 787 399 848 Iustinum
417 787 568 845 iuniorem
583 783 707 857 desinit,
730 784 813 861 quod
829 783 954 843 suadere
970 784 1093 844 videtur
1110 784 1282 843 Chronicon
1295 787 1361 845 ine-

250 874 347 932 ditum
366 872 471 931 Melliti
484 873 515 930 in
530 871 603 930 Cod.
630 869 788 929 Colberteo
805 888 887 928 anxa.
906 869 958 928 ubi
972 871 997 928 is
1016 871 1193 930 Torouensis
1208 869 1361 933 Ecclesiae

248 956 412 1040 Episcopus
427 957 555 1031 dicitur,
579 976 646 1014 cum
662 955 699 1024 de
712 955 793 1014 illius
809 955 957 1015 Chronico
975 956 1046 1032 agit.
1079 956 1160 1014 Haec
1177 956 1254 1017 enim
1270 978 1360 1037 pror-

143 1106 148 1119 ,
250 1064 300 1102 sus
319 1043 463 1121 evanida,
501 1044 646 1121 nulloque
669 1041 746 1100 fulta
766 1041 960 1101 fundamento
984 1041 1085 1119 quoad
1109 1041 1249 1101 Chronici
1272 1043 1361 1102 istius

249 1128 465 1189 barbarolatini
486 1129 687 1208 scriptorem,
709 1127 922 1207 qui'quantum
947 1127 1096 1206 conjicere
1109 1129 1181 1187 licet
1194 1129 1361 1208 Aegyptius

250 1216 358 1291 fuerit,
379 1215 432 1293 qui
457 1235 511 1274 nee
533 1215 693 1289 Graecam,
718 1214 770 1272 rel
790 1223 871 1273 certe
895 1234 952 1273 nee
976 1213 1111 1272 Latinam
1125 1214 1257 1290 linguam
1274 1214 1370 1295 probe

253 1296 398 1377 calluerit,
417 1300 540 1360 ‘tametsi
553 1301 585 1359 in
599 1300 653 1359 illo
667 1300 760 1358 multa
773 1309 888 1374 extent,
910 1319 986 1378 quae
1000 1298 1037 1356 ad
1053 1300 1277 1379 Aegyptiorum,
1293 1320 1369 1379 quo-

252 1407 321 1449 rum
345 1404 444 1445 aeram
465 1406 584 1465 semper
607 1386 742 1463 sequitur
756 1383 810 1460 l),
842 1405 932 1462 regna
955 1385 1123 1464 pertinent,
1147 1394 1177 1444 et
1200 1385 1290 1464 digna
1312 1387 1371 1445 sint

251 1494 328 1553 quae
349 1473 488 1549 legentur
506 1472 595 1531 etiam
612 1470 715 1531 invitis
734 1472 933 1545 soloecismis,
956 1480 1083 1550 propter
1103 1491 1138 1530 ea
1155 1470 1219 1529 sela
1235 1491 1311 1550 quae
1332 1471 1364 1530 in

249 1579 284 1619 eo
301 1568 404 1618 extant
416 1558 501 1617 utilia
523 1567 554 1617 et
569 1559 664 1617 bonae
685 1557 792 1635 frugis:
816 1578 891 1636 quae
906 1564 951 1615 est
965 1558 1108 1615 sententia
1124 1556 1256 1638 ejusdem
1272 1556 1363 1617 Scali.

227 1676 231 1683 1
249 1645 312 1724 geri
323 1637 369 1727 Ψ).
412 1644 521 1705 Verum
536 1641 612 1703 haec
626 1642 724 1702 obiter
743 1652 772 1702 et
794 1663 850 1721 per
862 1651 1053 1702 transennam
1069 1641 1150 1701 dieta
1165 1643 1223 1701 sint
1238 1642 1276 1702 de
1287 1643 1364 1702 hec·

251 1744 285 1790 ce
296 1729 469 1808 Chronico,
503 1729 586 1809 quod
607 1749 676 1788 cum
694 1728 815 1809 Cujacio
834 1729 867 1787 in
884 1728 970 1788 Notis
992 1728 1105 1788 nostris
1125 1728 1366 1789 Alexandrinum

250 1816 392 1898 deinceps
407 1815 604 1899 appellamus.

84 1969 249 2091 ng'lffle'
334 1989 405 2050 Vll:
444 1987 544 2068 Atque
566 1999 600 2049 ut
613 1989 644 2048 in
659 1988 787 2048 orbitam
810 1987 912 2047 redeat
936 1989 1049 2066 oratio,
1071 1989 1142 2048 licet
1155 1990 1262 2049 Petrus
1284 1987 1369 2066 quis·

83 2057 330 2162 nssfflnfgffipiam
349 2075 568 2133 Alexandrinus
587 2076 757 2155 Episcopus
777 2074 932 2133 Paschalis
952 2075 1110 2151 Chronici,
1146 2075 1228 2154 quod
1246 2075 1368 2133 recudi·
1405 2120 1411 2143 ,

83 2184 141 2232 etot
155 2179 333 2235 chrwmus,
357 2170 465 2219 auctor
478 2160 613 2219 extitisse
627 2162 773 2239 potuerit,
795 2181 856 2218 non
878 2158 947 2219 ideo
963 2171 1077 2236 tamen,
1100 2161 1143 2218 uti
1160 2180 1252 2239 supra
1268 2160 1368 2234 attigi-

109 2246 161 2300 nici
178 2249 230 2301 Pa·
248 2266 331 2319 mus,
356 2245 595 2304 Alexandrinum
615 2245 694 2305 illud
716 2246 862 2326 appellari
881 2243 1034 2321 debuerit,
1057 2246 1110 2304 sed
1125 2245 1295 2304 Chronicon
1314 2247 1369 2305 Pe.

119 2316 224 2371 ‘mns-
249 2331 291 2390 tri
306 2330 512 2391 Alexandrini.
536 2328 649 2391 lleinde
661 2332 767 2391 Petrus
783 2333 840 2392 iste
854 2331 1077 2390 Alexandrinus
1086 2331 1264 2411 Episcopus,
1281 2331 1369 2411 cujus

250 2437 358 2477 nomen
381 2419 492 2496 legitur
504 2418 591 2476 initio
608 2419 809 2494 syntagmatis
822 2417 862 2474 'de
874 2417 1038 2490 Paschae,
1061 2417 1143 2495 quod
1162 2417 1266 2476 Codici
1279 2415 1369 2475 Vati-

249 2523 323 2561 cano
348 2503 539 2581 praeligitur,
564 2511 657 2579 prout
676 2500 754 2560 certe
773 2509 927 2581 exaratum
944 2503 1116 2583 editumque
1141 2513 1202 2579 est,
1225 2501 1371 2562 Chronici

250 2595 357 2645 auctor·
370 2607 433 2649 esse
450 2605 509 2645 non
528 2586 646 2665 potuit,
670 2605 738 2645 cum
751 2586 869 2665 Martyr
885 2587 1020 2662 dicatur,
1042 2589 1207 2667 Petrusque
1223 2590 1278 2647 iste
1292 2606 1370 2646 mar-

249 2671 363 2750 tyrium
389 2672 499 2732 obierit
518 2672 685 2751 imperante
706 2670 912 2748 Diocletiano,
943 2684 978 2733 ut
1000 2675 1217 2753 praecaeteris
1239 2682 1370 2734 testatur

250 2757 435 2836 Epiphanius
450 2755 493 2837 ⁸),
517 2767 546 2816 et
561 2778 598 2816 ex
611 2777 646 2817 eo
660 2758 739 2816 forte
755 2759 1054 2839 scriptor'Peschalis
1067 2759 1209 2819 Chronici
1222 2754 1272 2839 4),
1295 2779 1370 2838 pru·
1409 2773 1416 2790 ³

249 2843 379 2921 indeque
396 2845 429 2903 in
443 2842 577 2902 Heraclii
597 2852 752 2924 tempora,
775 2845 807 2903 in
830 2864 905 2923 quae
920 2844 1123 2924 protrahitur,
1146 2842 1225 2905 illud
1241 2845 1371 2904 deduce-

250 2950 284 2990 re
302 2949 362 2987 non
376 2929 518 3009 potuerit.
563 2929 676 2988 Verum
693 2929 768 3008 quin
786 2929 865 2989 idem
881 2933 988 2992 Petrus
1005 2940 1113 2991 auctor
1125 2952 1185 2991 non
1201 2932 1240 2989 sit
1254 2930 1370 2989 heben-

179 3017 202 3069 V
218 3018 235 3072 5
251 3015 328 3091 dus,
350 3014 477 3074 suadent
491 3034 551 3073 non
566 3015 678 3090 solum,
701 3015 763 3074 imo
781 3016 910 3093 probant
924 3018 1045 3077 omnino
1061 3037 1138 3096 quae
1153 3019 1184 3076 in
1196 3018 1370 3094 Syntagmass

252 3099 336 3161 tede
354 3100 498 3160 Paschate
519 3100 747 3178 proteruntura
764 3100 904 3162 Chronici
921 3108 1070 3183 scriptore
1091 3122 1129 3162 ex
1141 3103 1222 3161 illius
1238 3102 1317 3161 libro
1334 3102 1371 3161 de

251 3185 433 3246 ludaeorum
446 3195 478 3247 et
492 3185 730 3245 Christianorum
752 3186 889 3247 Paschali
904 3189 1097 3265 Festivitate,
1118 3187 1172 3247 ubi
1187 3188 1290 3248 eadem
1306 3189 1371 3247 lau-

252 3262 528 3346 dantur‘lormula,
552 3291 611 3350 qua
626 3271 786 3352 Hippolyti
803 3273 913 3334 Portus
926 3275 1085 3354 Episcopi,
1107 3273 1283 3352 Apollinarii
1298 3273 1371 3332 Hie·

251 3358 413 3437 rapolitani
431 3357 589 3437 Episcopi,
612 3359 774 3418 Clementis
797 3360 1063 3438 Alexandrini,¹et
1077 3359 1229 3419 Athanasii
1247 3360 1388 3442 scripta,'

253 3442 305 3520 qui
327 3444 393 3522 pari
416 3442 533 3503 ratione
556 3443 699 3503 Chronici
722 3454 861 3505 auctores
883 3445 943 3505 dici
964 3447 1126 3527 potuerint.
1171 3444 1371 3505 illudentem

251 3527 334 3586 Petri
355 3527 554 3588 Alexandrini
575 3529 756 3611 opuseulum
780 3540 883 3591 extare
905 3533 956 3591 vel
977 3532 1111 3591 extitisse
1131 3529 1163 3587 in
1187 3530 1372 3590 Bibliotheca

253 3614 432 3673 Scorialensi
446 3634 515 3672 cum
532 3614 664 3674 alichoc
678 3616 785 3692 titulo,
808 3616 885 3697 Περὶ
903 3621 958 3678 τοῦ
977 3610 1092 3694 Πάσχα,
1115 3614 1245 3678 καὶτῶν
1263 3611 1373 3678 reiron

253 3694 438 3778 ζητημάτων,
461 3700 607 3760 docemur
622 3722 661 3760 ex
673 3702 755 3761 illius
770 3702 870 3762 indice
884 3703 1029 3761 Codicum
1043 3703 1228 3761 Graecorum
1241 3702 1373 3773 inedito:

251 3784 306 3844 sed
320 3793 348 3842 et
363 3784 465 3844 heberi
481 3786 511 3844 in
524 3786 710 3846 Bibliotheca
730 3788 853 3867 Collegii
866 3788 1023 3848 Societatis
1038 3788 1108 3846 lesu
1125 3789 1373 3862 Caesaraugusta.

251 3870 282 3928 ni
296 3871 329 3929 iu
344 3871 489 3951 Hispania
506 3883 610 3934 monet
622 3872 758 3933 Petavius
768 3871 814 3949 ο),
837 3896 853 3933 a
870 3894 931 3953 que
946 3872 1085 3933 semelae
1099 3873 1210 3933 iterum
1224 3873 1372 3933 laudatur.

287 4104 317 4172 ¹)
336 4105 471 4158 Herwart.
489 4105 516 4159 in
535 4106 657 4159 chronol.
678 4125 735 4177 cap.
756 4107 815 4162 194.

286 4174 324 4241 ²)
343 4175 383 4226 ad
402 4176 509 4228 Graeca
528 4176 758 4246 Eusebiip.,411.
777 4182 802 4234 2.
822 4179 886 4232 edit.

287 4244 318 4309 ὃ)
337 4243 368 4295 In
386 4245 458 4297 haer.
477 4245 611 4319 Meletian.

288 4312 323 4377 ⁴)
343 4313 373 4363 P.
392 4313 452 4366 276.

290 4380 321 4448 5)
340 4382 392 4435 Το.
411 4385 436 4437 2
456 4382 489 4435 tle
507 4381 598 4436 Doctr.
617 4386 696 4453 temp,
714 4401 740 4454 p.
762 4386 822 4442 893.
