2992 4894
232 327 256 397 s
553 330 558 337 ·
593 404 598 413 .
628 272 934 417 innarenn.

66 485 232 572 Qiffilffl‘
316 495 355 558 11.
396 491 495 577 Atque
510 503 546 557 ut
559 493 597 556 ab
611 494 706 574 illins,
728 495 816 559 atita
834 495 941 573 dicam,
964 495 1086 558 fertum
1101 498 1267 577 ordiamur,
1290 520 1351 562 va-

83 559 217 681 1ὲέζὶἮέ
233 579 279 640 ria
299 579 352 643 illa
374 580 440 646 fuit.
489 583 566 641 Tum
591 582 725 663 primum
752 583 866 664 quippe
885 584 917 642 in
938 584 1105 664 Republica
1128 585 1280 663 literaria,
1316 597 1351 647 et

67 645 216 751 01,ῐέὤοοη
234 667 314 746 apud
327 665 411 728 viros
426 666 561 729 eruditos
581 667 728 745 innotuit,
751 689 820 729 cum
839 688 879 728 ex
902 668 1019 746 Sicilia,
1040 670 1094 729 ubi
1109 670 1146 729 ab
1159 671 1351 750 Hieronymo

156 767 179 820 Ρ
196 768 215 821 2
233 755 334 813 Surita
348 751 503 813 inventurn
515 753 633 829 ierunt,
654 753 738 813 illius
757 766 787 815 et
800 753 923 814 Antonii
939 755 1096 833 Augustini
1109 777 1202 836 opera
1216 758 1350 817 Romam

66 834 148 908 prims
172 848 277 907 sp-est
295 839 452 919 perlatum.
497 839 557 913 Qui
579 840 658 899 enim
677 848 904 919 ea'tempestate
919 836 1014 900 Fastis
1036 843 1250 903 Consularibus
1266 864 1350 903 con-

66 906 387 1028 Pill⁸l⁰¹fp⁸¹cinnandis
410 935 440 984 et
454 925 637 1000 adornandis
657 946 777 1006 operam
792 946 877 986 suam
897 926 1101 1005 collocabant,
1122 928 1246 988 Carolus
1259 930 1352 1006 Sigo-

66 977 306 1101 ,snffldassi'flniua
319 1020 349 1070 et
371 1004 548 1090 Onu'pbrius
570 1011 747 1088 Panvinius,
776 1012 880 1072 Fastos
900 1010 1082 1073 Consulares
1105 1013 1137 1072 in
1161 1013 1266 1074 eodem
1286 1016 1349 1074 Pa-

232 1095 326 1158 schali
346 1107 483 1157 exaratos
505 1084 562 1156 sibi
581 1096 712 1158 describi
733 1108 895 1174 curarunt,
931 1099 1040 1178 quibua
1056 1119 1088 1159 se
1102 1094 1205 1159 inillis
1220 1120 1351 1180 compo-

230 1182 337 1244 nendis
349 1204 411 1243 non
423 1183 545 1245 minime
555 1183 674 1262 adjutos
692 1182 776 1243 haud
788 1184 880 1245 semel
894 1183 916 1245 ii
929 1184 1120 1264 profitentur.
1151 1183 1224 1258 Nos,
1245 1186 1351 1264 inquit

231 1269 372 1347 Sigonius
390 1269 421 1328 in
444 1270 664 1335 Commentario
684 1268 724 1330 ad
743 1270 849 1330 Festos
871 1276 902 1330 et
920 1269 1103 1349 Triumphus
1128 1270 1349 1348 romanorun,

231 1352 408 1434 Dionysium
426 1357 541 1440 sequuti
554 1378 669 1432 sumus,
692 1377 776 1440 quem
792 1353 877 1415 Fasti
898 1353 1021 1437 quidam
1038 1352 1214 1416 Consulares
1234 1354 1350 1418 Graece

230 1441 351 1522 soipti,
373 1455 462 1523 atque
475 1462 517 1501 err
530 1438 648 1518 Sicilia,
674 1455 707 1500 ut
720 1437 812 1501 audio
819 1484 829 1515 ‚
852 1436 984 1515 aduecti,
995 1455 1034 1500 et
1049 1437 1105 1499 alii
1118 1442 1207 1501 etiam
1224 1440 1349 1520 Latini,

230 1547 305 1609 quos
327 1526 401 1587 citat
426 1523 637 1608 cuspinianus,
669 1541 844 1609 sequuntur,
865 1525 1024 1608 inquibus
1046 1521 1187 1587 Consules
1209 1522 1352 1609 deinceps

229 1607 435 1688 seducantur,
479 1606 703 1692 cognominibus
726 1632 825 1670 eorum
846 1604 963 1670 tantum
986 1607 1108 1687 allatis,
1151 1608 1209 1672 lsoc
1235 1609 1347 1688 modo,

228 1690 367 1776 Βρούτου
389 1696 442 1763 καὶ
463 1699 661 1760 Koilusluou.
703 1697 743 1757 Et
757 1694 917 1756 Panvinius
930 1696 961 1755 in
977 1695 1164 1777 Praefatione
1182 1696 1348 1756 Commen-

229 1781 378 1841 tariorum
400 1780 439 1845 ad
459 1783 580 1847 uastos:
613 1780 799 1845 Nouissimus
820 1782 951 1842 omnium
966 1804 1008 1842 eu·
1023 1783 1154 1865 antiquis
1170 1782 1222 1864 qui
1235 1780 1348 1843 Fastos

232 1864 422 1943 Consulares,
444 1866 526 1951 quod
544 1869 652 1941 sciam,
670 1869 837 1949 scripserit,
860 1880 901 1925 est
918 1864 998 1930 alius
1015 1868 1078 1927 sine
1097 1869 1214 1939 nomine
1228 1882 1347 1945 auctor,

229 1953 328 2035 quiin
351 1951 509 2013 uniuersali
532 1950 683 2015 Chronico
696 1975 716 2011 a
737 1977 767 2012 se
789 1954 956 2033 conscripto
980 1949 1139 2013 Consulum
1156 1973 1272 2034 quoque
1286 1974 1348 2013 no·

228 2038 311 2095 mina
331 2034 441 2118 adjecit
460 2036 498 2097 ab
527 2039 645 2098 exactis
670 2034 803 2118 Regibus
825 2034 867 2098 ad
888 2037 1019 2117 primum
1043 2038 1122 2112 (imo
1144 2034 1345 2119 vigesimum)
1419 2088 1422 2094 .

228 2118 370 2185 Heraclii
389 2118 580 2202 Imperatoris
605 2145 726 2182 annum.
771 2120 804 2182 Is
819 2120 893 2183 liber
907 2123 1111 2181 uetustissimis
1125 2118 1219 2180 literis
1234 2144 1349 2181 escara-

133 2202 158 2256 V
175 2202 194 2256 2
227 2220 276 2265 tus
296 2207 428 2266 inuentus
451 2221 493 2267 est
513 2209 545 2267 in
570 2205 681 2268 Sicilia
702 2210 735 2268 in
756 2209 883 2291 antiqua
904 2204 1095 2267 Bibliotheca
1116 2227 1137 2264 a
1159 2203 1347 2284 Hieronymo

230 2287 348 2365 Surita,
372 2314 389 2355 o
410 2312 516 2375 eraque
535 2291 667 2353 Antonii
679 2292 845 2376 Augustini
860 2288 959 2352 Rotae
970 2288 1134 2351 Auditoris
1153 2288 1346 2375 factumest,

228 2389 261 2435 ut
277 2377 339 2457 ejus
359 2374 383 2436 le
405 2379 431 2435 ri
442 2377 616 2460 parsnobis
634 2381 893 2453 transmitteretur,
916 2396 994 2457 puae
1008 2372 1148 2435 Consules
1166 2374 1346 2450 continebat,

229 2462 313 2541 cujus
332 2459 452 2523 auxilio
471 2461 600 2521 multum
622 2460 792 2522 sublevatus
803 2482 869 2520 sum
891 2462 924 2520 in
937 2458 985 2518 luis
1002 2457 1103 2519 Fastis
1117 2459 1345 2522 concinnandis.

227 2546 312 2604 Idem
332 2544 397 2605 Lib.
417 2567 453 2609 rr.
477 2547 510 2607 in
530 2547 658 2607 Praefat.
701 2544 783 2607 Nam
809 2543 934 2619 Oresio,
970 2541 1167 2620 Cassiodorc,
1197 2559 1225 2604 et
1245 2543 1347 2606 Fastis

227 2627 291 2690 illis
321 2627 444 2691 Graecis
465 2655 557 2714 nuper
576 2629 709 2692 Romam
730 2652 779 2691 erc<
790 2626 899 2690 Sicilia
918 2630 976 2695 uiri
998 2626 1190 2690 eruditissimi
1213 2628 1347 2691 Antonii

228 2715 395 2796 Augustini
404 2738 492 2796 opera
508 2714 658 2787 adductis,
680 2712 840 2798 etquidem
861 2711 1123 2796 depravatissimis,
1144 2729 1259 2775 tantum
1275 2738 1345 2781 usus

228 2823 292 2861 sum
316 2802 347 2861 in
370 2799 548 2861 ordinandis
570 2798 755 2863 Consulibus.
799 2799 934 2877 Denique
956 2800 987 2858 in
1010 2800 1345 2864 praefocantibus

228 2884 308 2945 Nam
329 2908 419 2969 usque
437 2883 479 2944 acl
494 2876 635 2948 Heraclii
653 2902 786 2967 tempora
807 2883 894 2945 Fasti
911 2878 1022 2946 Graeci
1032 2885 1164 2946 Antonii
1178 2885 1346 2967 Augustini

229 2984 256 3028 et
274 2969 452 3054 Hieronymi
465 2969 583 3031 Saritae
603 2993 691 3052 opera
704 2992 746 3031 esa
759 2967 869 3032 Sicilia
886 2972 918 3029 in
938 2968 1046 3033 Urbem
1060 2967 1178 3031 aduecti
1187 2972 1342 3051 pertinent.

228 3055 292 3114 Hos
310 3056 403 3134 igitur
428 3057 532 3117 Festos
554 3057 652 3119 nudos
671 3059 763 3137 primi
791 3057 904 3115 Graece
919 3065 950 3117 st
964 3056 1069 3116 Latine
1080 3048 1247 3133 vulgarunt
1260 3056 1347 3200 Sipu-

229 3142 296 3200 nius
320 3151 348 3201 et
365 3142 544 3220 Panvinius,
579 3164 655 3222 quos
680 3141 788 3202 deinde
801 3140 982 3221 Sylburgius
996 3151 1037 3200 to.
1052 3141 1105 3202 tlt
1119 3141 1270 3202 Historias
1310 3161 1349 3200 u-

228 3222 333 3304 gustae
355 3249 372 3286 a
391 3247 423 3286 se
438 3228 549 3305 editae,
578 3227 769 3308 postmodum
792 3248 865 3287 vero
880 3225 1018 3286 Andreas
1040 3225 1184 3287 Schottus
1202 3225 1348 3305 Stephani

228 3311 359 3371 Vinandi
383 3312 479 3390 Pighii
498 3314 645 3373 volumini
661 3314 701 3374 ll.
720 3313 884 3394 posthumo
900 3313 1068 3386 inseruere,
1092 3322 1137 3388 et,
1161 3321 1196 3371 ut
1210 3311 1260 3372 alii
1273 3332 1348 3391 pas-

229 3397 302 3474 sim,
323 3398 429 3457 Festos
445 3399 563 3458 Sioulos
579 3400 787 3480 appellavere,
820 3398 917 3478 quod,
939 3398 1020 3458 sicut
1035 3396 1185 3474 diunius,
1206 3406 1270 3457 turn
1286 3397 1349 3477 pri·

228 3502 311 3542 mum
327 3482 360 3541 in
375 3483 476 3547 Sicilia
490 3484 594 3547 Codex
608 3485 667 3547 iste
679 3494 820 3567 ropertus
834 3483 882 3545 sit.

62 3630 171 3753 0235*
188 3647 221 3686 ⁰⁰
313 3656 365 3716 Ill.
410 3655 500 3715 Istius
523 3655 665 3716 Chronici
683 3657 837 3737 exemplar
856 3653 938 3716 alind
961 3652 1089 3712 babetur
1111 3652 1144 3713 in
1157 3651 1348 3715 Bibliotheca

84 3717 421 3822 ,JiuffAugustanm
446 3762 538 3805 manu
553 3743 693 3803 Andreae
710 3741 857 3801 Darnrarii
873 3738 1044 3819 Antiquarii
1056 3738 1257 3818 descriptum,
1280 3760 1349 3818 pro-

74 3838 109 3891 sit
118 3786 220 3891 cisan-
230 3825 303 3887 inde
316 3827 403 3886 litera
416 3828 596 3908 recentiori,
617 3839 654 3889 ut
668 3837 798 3888 testatur
810 3826 964 3901 liuderus,
987 3834 1017 3885 et
1033 3825 1223 3903 aSylburgio
1235 3843 1346 3885 xnus.

77 3907 219 3961 bonitum
234 3913 331 3972 aureis
358 3913 512 3979 Solaribas
536 3924 686 3994 emptum,
719 3923 751 3975 et
773 3910 953 3972 Ho'sscbelio
985 3909 1144 3987 dandum,
1179 3910 1215 3973 ab
1242 3909 1349 3970 eodem

10 4024 11 4061 ;
65 3976 217 4049 &mpla
231 3996 412 4057 Hoescbelio
425 3999 620 4080 Reipublicae
635 3997 747 4060 deinde
761 3998 950 4076 Augustanus
964 3996 1114 4071 oblatum,
1137 4016 1176 4055 ex
1190 4015 1251 4074 quo
1267 3995 1349 4055 lsaa-

10 4066 11 4093 ¹
104 4092 108 4099 '
231 4103 284 4142 cus
301 4084 496 4145 Casaubonus
514 4087 658 4164 pleraque
679 4087 847 4164 excerpsit,
873 4103 950 4161 quae
967 4101 1027 4142 non
1042 4081 1133 4140 semel
1158 4082 1190 4139 in
1205 4081 1291 4140 Notis
1309 4078 1348 4139 ad

230 4169 450 4250 Capitolinum,
481 4171 640 4230 Fastorum
662 4171 863 4240 Graecorum,
884 4168 1036 4227 interdum
1059 4166 1247 4242 Siculorum,
1273 4185 1348 4244 quo-

229 4254 320 4315 modo
342 4255 461 4336 primns
482 4255 551 4314 illos
571 4254 694 4315 vocavit
714 4253 892 4334 onuphrius
910 4254 1088 4331 Psnvinius,
1121 4251 1210 4313 titulo
1235 4250 1347 4313 laudat.

230 4339 320 4401 lstius
331 4362 426 4422 porro
440 4339 577 4402 Andreae
592 4340 756 4417 Darmsrii,
785 4358 875 4420 quem
893 4340 1040 4405 Graecum
1054 4347 1251 4400 mercatorem
1262 4335 1348 4397 indi-
