2996 4898
419 318 465 388 ΙΝ
490 316 739 387 GHRONICON
762 315 981 386 PASCHALE.
1191 312 1270 393 429

155 505 226 546 nem
248 482 293 560 ale
314 488 380 569 Σιιρ
381 484 434 548 1ιιν
462 484 569 549 scribit
588 482 813 566 Theophanes,
845 494 875 545 at
896 504 936 545 ex
958 503 994 544 eo
1015 485 1146 566 Symeon
1166 483 1269 567 Loga-

155 570 256 646 theta,
287 570 410 651 μισεῖς
432 573 586 653 Ισαυρίαν.
631 572 806 650 Anonymus
834 569 1026 631 Valesianus:
1055 571 1267 635 Huicimidia-

156 657 238 716 hatur
252 654 436 732 Baralirem
423 676 480 736 spse
491 676 598 739 primm
613 655 746 717 Senator.-
766 677 818 736 pao
836 659 943 734 cognito
956 656 1104 716 Zenonem
1116 657 1267 737 alipuaats's

154 742 262 802 diuitiis
274 745 357 821 petiit
375 740 524 803 Isauriam.
569 739 682 803 Chron.
704 742 767 803 MS.
784 742 826 851 pls
854 729 973 802 ddamo
1000 741 1039 801 ad
1061 743 1189 802 Leonem
1209 744 1267 800 Sa-

154 829 308 907 pientem,
337 826 505 910 ἔφευγιέν
535 829 664 913 Innupta
691 827 736 902 εἰς
763 824 799 891 sd
828 821 979 906 φρούριον
1006 822 1127 910 ὀχυρόν.
1177 827 1266 888 Hanc

153 912 282 973 Zenonis
304 913 413 991 fugam,
436 922 470 972 ut
493 921 522 973 et
543 915 675 974 reditum
686 915 834 991 respexit
855 911 1041 972 Ennodius
1031 934 1064 973 ιιι
1079 912 1266 992 Panegyrico

154 998 238 1058 dicto
260 996 450 1057 Theoderico
474 999 562 1076 Regi:
578 999 661 1103 pulsa
682 1005 721 1058 est
741 999 870 1077 extemplo
883 998 1047 1077 Principalis
1063 1000 1126 1058 urhe
1144 1018 1267 1059 reueren-

154 1086 215 1161 tia,
239 1086 298 1143 et
285 1104 314 1143 m
332 1102 451 1144 uacuam
465 1090 654 1164 possessionem
675 1084 750 1145 nullo
773 1089 877 1144 creatus
890 1087 1163 1163 sangumetyruuuus
1175 1105 1267 1144 oeces-

154 1175 206 1245 sit,
229 1171 277 1248 qui
296 1168 364 1228 aula
384 1172 508 1251 potitus,
527 1170 669 1250 definivit,
691 1177 833 1250 postquam
852 1176 923 1229 metu
944 1171 1030 1229 hostes
1043 1189 1104 1228 suos
1118 1170 1267 1231 debellave-

155 1261 216 1330 rat,
240 1254 312 1314 nihil
330 1274 461 1333 superesse
482 1244 554 1335 quod
573 1262 690 1333 gereret:
713 1276 771 1329 cum
794 1259 895 1314 animos
914 1260 975 1314 tuos
990 1259 1045 1315 ιιιιι
1059 1246 1190 1314 enuoium
1204 1253 1266 1335 euf-
1296 1326 1301 1349 ι
1371 1281 1376 1291 ·

3 1342 10 1367 '
42 1368 45 1379 ι
149 1339 252 1419 fregio
272 1340 448 1420 impolitius
468 1347 601 1416 naturae,
622 1349 718 1401 aeaut
731 1362 816 1401 causa
829 1342 1058 1401 metiorteeoram
1068 1342 1265 1419 positosuhjo·

154 1431 241 1500 seret,
263 1433 314 1484 aut
337 1446 391 1485 aon
414 1386 744 1505 heuefirinmriecersstotis
758 1434 869 1507 tempore
884 1428 1006 1487 redderes
1013 1427 1110 1506 ,quod
1122 1431 1201 1507 pacis
1215 1445 1264 1486 oc-
1347 1460 1371 1477 .

154 1530 272 1590 ceperas.
316 1509 386 1573 Irr'
372 1514 440 1590 rpn's
461 1515 652 1590 emgressimis
674 1517 738 1572 tuoe
755 1513 866 1591 foribus
887 1516 995 1572 cessit
983 1532 1108 1588 moesos,
1130 1532 1265 1593 cuuspso-

148 1596 283 1695 sagaper
296 1602 322 1657 te
338 1603 443 1676 sceptro
457 1599 647 1673 redderentur,
670 1598 805 1658 desalme
820 1598 966 1658 dubitanti
1010 1597 1056 1658 Ex
1079 1556 1189 1676 qhibus
1211 1617 1266 1678 pa-

153 1690 198 1741 tet
216 1680 249 1740 in
271 1701 305 1741 aa
327 1683 521 1783 expeditione
551 1683 666 1743 Zenoni
695 1682 874 1743 auxiliatum
895 1680 1138 1760 Theodericum,
1165 1702 1271 1764 quan*

152 1763 319 1845 doquidem
350 1768 484 1828 restituti
512 1768 643 1829 Zenonis
671 1768 792 1828 laudern
818 1768 964 1845 integram
987 1768 1013 1827 ei
1035 1729 1181 1829 adscribit
1202 1769 1266 1828 En-

151 1851 278 1928 nodius;
306 1851 389 1931 qnod
411 1862 514 1914 exerte
535 1853 636 1915 firmat
657 1853 840 1958 Anonymus'
855 1853 1045 1927 Valerianus,
1066 1852 1119 1914 ubi
1145 1854 1183 1915 de
1204 1854 1266 1915 Ze-

150 1957 248 2009 nones
269 1897 376 1997 Deinde
388 1942 462 2003 misit
475 1939 514 1998 ad
522 1938 671 1998 Civitatem
683 1936 840 2014 Nouam,
826 1961 856 2000 m
869 1960 924 2019 quo
938 1944 996 1999 erat
1012 1899 1187 1999 Theodericus
1200 1938 1266 1999 aa

152 2024 299 2089 Gothorum
306 2024 389 2105 fitius
407 2024 578 2100 Walameris,
599 2032 624 2084 a
639 2043 697 2083 eum
714 2028 744 2084 in
757 2025 883 2086 solatium
895 2027 950 2085 sihi
960 2026 1087 2085 aduersus
1098 2024 1265 2086 Basilicum

140 2109 287 2186 ,objectans
307 2111 417 2169 militem
438 2117 502 2190 post
522 2113 654 2171 hunnum
671 2113 792 2185 uesieu,
814 2111 932 2171 obsideas
950 2114 1087 2171 ciuitatem
1108 2109 1265 2171 Cordtasrts'-

149 2194 272 2273 sopolim.
300 2193 398 2257 lnfras
420 2196 496 2256 Zeno
508 2201 602 2276 stupae
614 2216 812 2298 recompensem
825 2198 958 2278 hmeha'is
975 2197 1173 2277 Theodericum,
1189 2215 1265 2279 quan

144 2280 219 2360 fecit
235 2279 387 2341 Patricium
406 2287 432 2342 et
447 2282 601 2357 Consulem
623 2283 725 2342 donam
742 2302 766 2342 es
762 2283 882 2357 'multem
903 2289 953 2342 etc.

238 2364 312 2442 Pag
335 2369 407 2433 600.
431 2369 480 2433 13.
523 2359 657 2444 Εὐθέως
674 2366 922 2469 προεχειρίσατο]
942 2368 1035 2427 Immo
1057 2365 1153 2429 invita
1173 2364 1266 2427 Veri·
1310 2362 1314 2369 “

150 2471 190 2510 na
210 2444 405 2511 Basiliscus
393 2473 455 2535 pam
478 2461 564 2514 anteo
586 2456 641 2532 τῆς
662 2453 816 2532 βασιλείας
838 2446 970 2528 ἐκτόπως
989 2452 1086 2532 ἐρῶν,
1106 2462 1149 2517 ut
1163 2459 1265 2514 testa-

148 2545 202 2597 tur
229 2537 396 2617 Procopius
424 2537 479 2599 lib.
506 2558 528 2597 1.
554 2537 711 2603 Vandalic.
740 2558 806 2618 cap.
828 2559 871 2599 vr.
902 2538 1074 2619 Imperator
1103 2537 1203 2597 dictus
1231 2545 1265 2598 et

149 2624 340 2683 renuntiatus
369 2631 415 2684 est
442 2643 460 2683 a
488 2625 617 2701 Senatu,
646 2644 717 2686 cum
745 2624 798 2683 illa
827 2644 970 2703 genarum
999 2644 1088 2684 suum
1112 2622 1265 2685 Zenonem

149 2727 207 2790 per
227 2707 396 2768 fraudem
385 2729 418 2769 ιιι
438 2709 540 2791 lugam
563 2709 688 2789 egisset,
711 2729 772 2791 quo
787 2709 953 2771 Patricium
970 2708 1160 2789 Magistrum,
1183 2728 1264 2790 qno-

149 2813 219 2853 cum
241 2804 458 2873 consueverat,
480 2795 518 2856 ad
541 2795 702 2876 Imperium
725 2784 924 2881 proveheret.
955 2795 997 2856 ita
1020 2793 1181 2855 Candidus
1228 2794 1278 2856 lu·

151 2878 252 2958 Campo
274 2840 471 2943 acclamaturh
492 2881 629 2943 scribunt
650 2876 827 2943 Theodorus
848 2883 975 2960 Lector,
1004 2878 1203 2964 Theophanes
1232 2887 1265 2943 et
1315 2910 1324 2953 χ
1357 2948 1362 2955 ,

150 2962 315 3026 cedrenus.

236 3048 309 3129 Pag
332 3055 478 3118 600.17
522 3057 678 3132 Εσιεψεν·
692 3049 743 3118 stu
763 3049 836 3119 alhs
857 3047 954 3117 urisod
976 3048 1112 3130 Molossos
1133 3051 1178 3128 εἷς
1198 3056 1264 3115 Ba-

148 3132 250 3215 σιλέα]
273 3135 368 3215 Atqui
389 3132 487 3216 primo
510 3138 676 3210 Caesarem,
698 3146 763 3198 tum
782 3140 1001 3220 Imperatorem
1020 3137 1116 3199 filium
1128 3138 1264 3200 Marcum
1286 3214 1296 3220 ἃ

149 3220 227 3281 dixit
255 3221 434 3296 Basiliscus,
464 3232 501 3283 ut
531 3234 634 3284 exerte
665 3222 773 3283 scribit
795 3224 965 3284 Candidus:
994 3224 1077 3304 qnod
1101 3222 1189 3284 etiam
1209 3232 1264 3286 te-

0 3356 1 3363 ,
46 3321 50 3327 ’
146 3315 269 3368 stantur
290 3308 426 3368 Basilisci
447 3307 551 3369 literae
573 3306 657 3389 apud
680 3308 840 3386 Evagrium
861 3308 915 3369 lib.
937 3329 986 3371 111.
1011 3329 1079 3389 cap.
1098 3328 1142 3369 ιι.
1380 3382 1393 3395 l
1434 3376 1441 3383 ,

234 3391 306 3472 Peg
329 3398 479 3461 60019.
514 3397 613 3458 ilica
642 3387 760 3475 μόνον]
796 3394 1008 3468 Marcellinus,
1044 3391 1200 3454 Victorius
1223 3401 1264 3456 et

147 3479 290 3539 Senator·
322 3480 377 3540 lito
412 3478 442 3543 V.
473 3476 505 3542 0.
533 3478 594 3541 cos.
622 3478 729 3541 Victor
752 3479 849 3539 Tunn.
871 3479 939 3540 Post
961 3478 1019 3540 Cos.
1041 3479 1151 3539 Amori
1177 3478 1207 3538 V.
1231 3477 1264 3541 0.

146 3560 216 3627 Vct.
247 3563 388 3645 Inscript.
415 3584 482 3628 amr.
512 3568 543 3631 6.
572 3565 606 3626 Ρ.
628 3564 659 3626 0.
680 3569 742 3625 iter.
762 3566 873 3627 Aramti
897 3565 927 3626 V.
950 3565 981 3627 0.
1002 3563 1104 3639 illum,
1130 3562 1262 3625 lornan-

97 3728 101 3737 .
147 3649 227 3797 Splon-
251 3653 377 3729 Ithoria,
405 3649 596 3728 Damascius,
624 3648 762 3711 Malehns
794 3660 825 3711 et
852 3649 1029 3747 Theodorus
1060 3650 1172 3711 hector
1197 3670 1263 3711 vc-

234 3817 308 3898 Pag·
330 3824 403 3888 601.
428 3825 456 3885 1.
498 3813 661 3905 Apprime]
691 3818 752 3894 Qui
773 3818 851 3895 ἴδιος
872 3813 1002 3900 delusae
1021 3818 1158 3882 Basilisci
1180 3819 1262 3882 dici-

145 3913 199 3969 tur
219 3902 400 3986 Theophani
423 3926 470 3969 an.
474 3923 533 3968 ’.ιιι
555 3908 668 3975 Zenon.
692 3905 772 3966 unde
793 3906 957 3966 Basiliscus
981 3906 1105 3981 Caesar,
1127 3896 1263 3989 ejusdem

145 3989 264 4054 Armati
293 3991 391 4071 filius,
429 3984 560 4054 Verinae
588 3986 742 4072 Augustae
771 3976 973 4117 ἕξιὶδιλφιις
967 3991 1064 4054 eidem
1085 3988 1263 4075 Theophani

144 4085 402 4241 mmmViridmffll.
424 4164 455 4228 3
501 4152 650 4244 Opuos‘oag
671 4156 770 4237 εἰς
734 4186 769 4227 το
791 4155 881 4247 dysou
901 4155 1075 4245 Βιὶιιιισμιι]
1096 4122 1187 4223 Haud
1207 4158 1262 4220 rab⁴

147 4246 245 4309 simile
266 4245 388 4309 omnino
417 4257 636 4308 sacramentnm
659 4256 800 4325 exegerat
825 4247 1013 4310 Areobindus
1035 4248 1174 4327 Magister
1200 4245 1261 4306 mi-

146 4331 235 4395 litum
251 4334 365 4396 misam
384 4331 419 4392 in
440 4332 573 4395 Africam
596 4334 633 4395 ab
655 4332 842 4425 iustiniano:
867 4354 936 4395 cum
960 4330 1039 4397 enim
1060 4354 1077 4393 ι
1100 4329 1262 4425 Gonthmi,
