2992 4894
282 315 334 390 50
669 305 983 377 russanum.

283 482 415 559 ldatins,
448 496 517 543 cum
535 480 700 542 decasius
726 483 844 563 legatur
864 479 963 541 Lsoue
982 478 1025 540 Μ.
1047 477 1230 560 impetente,
1258 479 1293 540 in
1310 500 1388 560 quae

220 614 224 619 -
283 571 365 635 cadit
385 568 533 631 secundos
556 566 706 629 Anthemii
726 568 921 641 Consulatus,
942 565 996 644 qni
1019 575 1064 626 est
1080 582 1176 627 onnus
1192 563 1304 626 Christi
1319 567 1388 627 vul·

285 657 364 736 garis
389 673 534 715 cnuxvnr.
559 653 750 732 quostiam,
777 653 828 714 vel
854 660 936 711 certo
963 654 1115 731 sequenti,
1138 651 1275 732 ejusdcm
1300 650 1389 711 ldatii

286 740 456 801 Chronicon
472 732 586 801 linitur.
629 736 715 799 adue
735 738 817 818 quod
835 734 1001 816 Hispanum
1018 737 1111 797 luisse
1131 737 1289 799 Fastorum
1311 737 1389 797 isto-

284 827 558 904 rnmscriptorsm,
580 823 631 883 vel
646 844 684 882 ex
703 845 739 885 eo
762 824 930 901 colligitur,
951 822 1035 902 quod
1055 842 1141 885 aerae
1155 821 1335 902 llispanieae
1349 822 1387 883 ab

286 912 351 993 ejus
369 911 455 971 initio
479 910 513 969 in
532 909 714 985 marginibus
736 908 942 989 perpetualis
964 908 1165 984 ascribantur,
1193 927 1270 987 quas
1295 906 1389 971 mum

284 996 435 1059 interdum
455 993 578 1057 adhibet
598 993 710 1054 ldstius
731 997 762 1055 in
776 993 936 1059 Chronico.
977 994 1093 1053 Horum
1114 1003 1212 1055 artem
1226 992 1389 1055 edsnmn

286 1081 434 1142 aLabbeo
447 1080 613 1141 consectam
638 1101 707 1140 cum
727 1080 832 1141 eodem
856 1099 916 1159 quo
933 1099 1006 1139 usare
1025 1087 1071 1138 est
1090 1078 1214 1155 codice,
1233 1094 1325 1156 quem
1341 1077 1389 1139 vir

282 1168 477 1227 doctissimus
493 1166 620 1225 mannes
636 1165 808 1227 lietduinus
823 1166 910 1225 nobis
923 1164 1170 1241 communicavit,
1192 1163 1388 1239 contulimus,

284 1262 315 1313 st
339 1251 518 1331 quamplura
539 1271 579 1312 cx
605 1271 640 1311 eo
672 1252 910 1326 emendavimus,
939 1271 1008 1310 cum
1028 1260 1247 1329 essentparum
1263 1247 1324 1307 lida
1337 1249 1388 1309 vel

285 1345 425 1399 accurata
443 1356 533 1397 manu
549 1335 715 1419 descripta:
738 1336 847 1417 quibus
871 1337 959 1396 etiem
972 1336 1072 1397 vanas
1092 1336 1233 1399 lectiones
1253 1332 1389 1414 ejusdem

281 1421 419 1483 laterculi
441 1421 628 1498 Consularis,
651 1440 739 1500 quem
760 1421 856 1483 edidit
868 1422 1019 1504 Arnaldps
1039 1423 1187 1483 renuens
1208 1428 1279 1500 post
1292 1417 1390 1478 Chro-

284 1509 374 1567 nicon
393 1507 514 1567 ursatii
533 1527 571 1569 es
595 1507 688 1567 Codd.
712 1507 844 1567 Fuuensi
868 1517 899 1567 et
917 1506 1117 1582 Fr.·Pitboei,
1141 1505 1194 1586 qui
1215 1504 1338 1584 quidem
1357 1504 1389 1565 in

284 1612 395 1653 annum
408 1592 557 1653 duntaxat
570 1591 680 1653 Christi
695 1613 725 1656 a.
742 1593 866 1668 desinit,
887 1592 1073 1668 addidimus,
1094 1594 1212 1652 tametsi
1232 1592 1263 1648 in
1280 1589 1390 1668 pleris-

284 1696 343 1755 que
364 1678 530 1739 mendosas.
578 1670 643 1739 Hos
668 1688 767 1739 autem
793 1678 842 1739 vel
870 1678 981 1738 similes
999 1679 1121 1750 Festos,
1151 1675 1297 1755 aquibus
1315 1694 1388 1735 arsos

281 1759 382 1821 bausit
396 1761 527 1840 ldstius,
548 1763 659 1824 vidisse
674 1774 727 1823 sut
741 1773 877 1825 secutum
898 1764 988 1823 fuisse
1003 1761 1223 1844 Epiphaniam,
1242 1770 1334 1839 atque
1353 1766 1390 1819 ut

193 1847 527 1923 transmisimus,
548 1859 701 1910 auctorem
723 1848 886 1925 Pascbalii,
913 1850 963 1909 vel
983 1849 1055 1909 inde
1078 1849 1236 1922 ducamur,
1257 1845 1341 1925 quod
1357 1846 1390 1904 in

280 1932 462 1993 Consulibus
491 1934 698 2010 recensendis,
727 1935 791 1995 lere
814 1955 933 2014 semper
954 1953 1022 1994 cum
1043 1934 1081 1993 iis
1106 1933 1282 2007 concinant,
1312 1931 1388 1991 adan

280 2025 316 2076 ut
330 2017 444 2078 ldatius
468 2026 499 2076 et
518 2018 598 2079 idem
620 2022 752 2098 scriptor
770 2019 916 2098 quosdam
935 2039 975 2078 ex
991 2019 1171 2079 Consulibus
1192 2016 1324 2079 insititiis
1339 2036 1388 2079 ro·
1465 2026 1466 2079 3

281 2111 438 2178 censeant,
461 2102 543 2181 quod
565 2103 692 2164 subinde
712 2105 744 2164 in
766 2106 851 2164 Notis
875 2104 1060 2181 indicamus,
1092 2104 1272 2181 eosdemque
1299 2101 1389 2165 etiam
1465 2110 1466 2141 t

280 2188 422 2246 omittant
442 2189 602 2250 Consules:
631 2189 683 2251 sed
704 2199 735 2249 et
756 2190 839 2268 quod
855 2189 887 2249 in
901 2190 1131 2251 Nomenclntura
1145 2189 1310 2247 Consulum
1325 2188 1388 2246 llo·

279 2291 437 2332 manorum
459 2273 515 2332 sub
536 2294 648 2334 annum
669 2296 715 2336 nr.
744 2274 931 2356 Olympiadis
949 2296 1077 2337 unm.
1099 2274 1231 2354 scriptor
1248 2271 1389 2335 chronici

279 2357 381 2417 tradat
402 2377 437 2417 eo
460 2379 537 2419 anno
555 2368 710 2441 Αρχοντας
732 2363 890 2441 Ρωμαίους
909 2370 977 2422 tum
997 2363 1127 2439 primum
1148 2358 1296 2439 appellari
1319 2378 1389 2419 coe·
1419 2408 1421 2411 .

277 2442 359 2520 pisse
375 2438 424 2527 ¹),
454 2445 538 2522 quod
562 2446 723 2524 ipsummet
747 2468 803 2525 per
829 2465 952 2523 vocem,
986 2445 1139 2522 Proceres,
1167 2444 1333 2524 exponitur
1356 2447 1388 2502 in
1464 2482 1465 2497 i

277 2525 390 2599 Fastis,
413 2547 488 2606 quos
509 2528 662 2591 ldstianos
680 2531 884 2608 appellamus,
906 2541 939 2595 et,
953 2532 986 2590 in
1002 2529 1171 2591 Pithoeanis
1190 2549 1247 2590 seu
1261 2528 1386 2593 brualdi

277 2610 417 2686 Pontaci,
441 2611 534 2691 idque
549 2614 631 2692 apud
649 2616 750 2675 nullos
765 2617 859 2691 alios,
881 2615 965 2695 quod
987 2617 1097 2691 sciam,
1118 2634 1220 2675 rerum
1237 2617 1387 2675 Romnae-

275 2696 974 2847 illtmailir'illliiedlobipelliidrisonledilretb·illa
983 2702 1105 2848 nbiuolle
1117 2700 1387 2847 sidiilielobldliiibiii

391 2823 399 2840 .
465 2814 466 2817 ¹
590 2827 598 2844 .
915 2811 988 2863 rr,
1094 2834 1095 2837 ,

267 2864 405 2925 vformula
426 2867 457 2925 in
479 2865 630 2929 Chronico
653 2868 793 2930 Pascbali
809 2810 954 2935 habitur:
982 2809 1033 2936 tal
1051 2868 1168 2936 τούτων
1182 2867 1387 2934 reinduimus

277 2941 400 3028 α’φανῆς
415 2948 530 3032 tylam
547 2953 669 3038 Νέρων,
696 2966 732 3016 ut
751 2958 836 3016 locos
850 2958 966 3037 aliquot
981 2958 1057 3017 alios
1070 2966 1273 3039 praeteream,
1292 2977 1386 3036 praa-

276 3034 380 3094 sertim
396 3034 450 3094 ubi
462 3046 589 3116 uterque
612 3040 745 3121 scriptor·
764 3042 863 3120 attigit
883 3054 1021 3123 tempora
1037 3042 1274 3102 Christianorum
1289 3043 1387 3122 Impe-

267 3128 423 3179 ratorum.
470 3122 530 3181 Sed
548 3145 587 3183 an
613 3125 724 3185 ldatius
749 3127 829 3207 ipse,
855 3128 1002 3207 siquidem
1024 3127 1133 3187 horum
1155 3136 1261 3188 auctor
1279 3126 1387 3188 haberi

277 3201 400 3279 debeat,
422 3226 439 3263 a
459 3207 581 3271 Graecis
601 3212 650 3271 vel
673 3212 784 3271 Latinis
801 3213 980 3292 quibusdam
1001 3213 1202 3293 scriptoribus
1222 3234 1294 3275 suos
1311 3211 1388 3276 buu·
1463 3204 1464 3277 J

277 3288 359 3364 serit,
380 3287 462 3349 haud
475 3305 648 3372 promptum
668 3306 713 3354 est
728 3297 866 3358 delinire:
888 3299 921 3358 id
935 3308 1051 3358 tentum
1070 3307 1198 3377 constat,
1220 3299 1384 3373 ldatianos,

275 3382 311 3433 ut
325 3382 356 3432 et
372 3374 477 3435 fastos
490 3378 639 3439 paschatis
655 3379 797 3442 Chronici
815 3387 943 3463 pessime
957 3384 1107 3444 interdum
1124 3404 1188 3444 asse
1205 3384 1385 3466 descriptos.

164 3478 174 3490 ·
275 3457 395 3517 Atcum
409 3459 560 3523 ldatinnos
579 3465 667 3545 longe
688 3467 749 3528 fere
771 3469 859 3529 aliter
881 3470 1024 3549 quamin
1047 3468 1170 3529 laudato
1194 3469 1304 3530 Codice
1318 3470 1384 3529 edi·

276 3541 354 3602 derit
373 3544 523 3642 babbeus,
552 3550 636 3630 ipsos
655 3549 707 3612 hic
729 3574 852 3614 rursum
872 3556 980 3615 demus
1000 3563 1093 3636 prout
1111 3556 1230 3635 jacent,
1257 3555 1319 3616 hoc
1339 3562 1385 3614 est

274 3647 342 3686 cum
357 3649 459 3690 naevis
475 3633 566 3713 ipsis,
589 3657 665 3715 quos
686 3639 724 3697 ad
747 3660 872 3701 examen
890 3660 1049 3712 reuocare,
1072 3649 1103 3700 et
1117 3640 1275 3701 emendare
1287 3640 1383 3700 cuivis

273 3711 402 3772 liberum
422 3716 487 3777 erit.
531 3722 633 3800 Neque
657 3724 735 3785 eninr
762 3725 901 3786 omnibus
922 3745 1137 3806 usquequaque
1157 3727 1321 3806 probatur,
1347 3745 1382 3786 aa

274 3816 364 3876 quom
386 3798 441 3858 sibi
463 3818 603 3883 arrogant
626 3809 804 3869 immutandi
827 3811 948 3872 licentia
978 3812 1011 3870 in
1036 3820 1171 3871 ueterum
1198 3812 1383 3891 scriptorem

273 3880 454 3944 editionibus
471 3890 531 3948 viri
554 3892 680 3969 eruditi,
711 3904 876 3973 questum
898 3896 1028 3977 primum
1047 3896 1081 3955 in
1103 3898 1202 3956 lucem
1223 3898 1381 3956 omittunt:
1461 3894 1462 3899 ’

273 3985 343 4025 cum
364 3989 402 4028 ex
424 3992 516 4050 prava
537 3975 611 4053 ista,
633 3980 679 4038 uti
699 3989 825 4058 putent,
848 3982 1087 4061 antiquariorum
1105 3983 1256 4060 scriptura
1274 4000 1381 4041 sonunt

273 4050 355 4112 aliud
383 4055 536 4137 quidpiam
558 4082 663 4123 eruero
680 4063 868 4128 doctioribus
889 4087 1035 4165 persmpo
1058 4069 1225 4147 contingat,
1239 4076 1381 4146 motaque

274 4211 483 4228 *uu-

341 4322 373 4387 ¹)
394 4320 463 4377 Vide
479 4325 564 4379 Notas
582 4343 607 4396 p.
626 4331 686 4411 5ll.
718 4286 725 4298 x
