2992 4894
547 990 919 1056 POSTERITATI.

355 1201 1061 1343 PRAEuATJQ

658 1410 760 1465 UBI

145 1539 228 1626 nu
273 1486 1263 1661 ,Auernus-eunourcrrusfflsr1S‚

150 1726 166 1773 ³
268 1708 634 1835 cusrrnr'souu
656 1754 996 1825 ruscnsiruu
1015 1757 1152 1823 Aron
1175 1718 1177 1729 ’

374 1871 621 1941 eunucus
646 1873 1049 1942 susurrum-uus.

606 2055 816 2069 ——u—-t-—u-u

148 2201 176 2263 1.
204 2150 361 2279 „Singuli
387 2170 512 2263 Patruus
538 2202 651 2263 librum
686 2203 816 2283 aliquem
847 2205 1035 2284 exposituri,
1079 2203 1158 2264 sicut
1189 2202 1421 2269 ratioPraetetio-

149 2287 261 2364 exigit,
284 2286 322 2346 de
339 2298 463 2348 anctore
479 2297 510 2346 et
523 2288 647 2347 materie
662 2288 743 2367 ejus,
764 2290 946 2367 intentione,
969 2311 1058 2350 causa
1074 2299 1103 2349 et
1116 2289 1215 2366 titulo,
1238 2299 1418 2349 etu¹¹¹1¹¹1⁸¹¹⁸·

147 2372 174 2431 si
192 2392 271 2450 quae
288 2373 346 2431 alia
360 2384 431 2434 sunt
444 2389 523 2452 quae
535 2371 727 2439 auditoribus
739 2383 770 2435 ct
788 2373 953 2435 lectoribus
976 2374 1138 2434 faciliorem
1154 2374 1267 2435 intelli-

147 2458 277 2535 gentium
293 2460 449 2538 sequentis
464 2460 566 2540 operis
582 2468 779 2539 praeparent,
802 2459 834 2519 in
848 2458 1026 2521 tractatibus
1045 2458 1108 2517 auis
1125 2459 1267 2539 praemit·

146 2552 211 2604 tera
226 2554 458 2608 consueverunt.
501 2546 541 2604 Et
558 2543 636 2605 base
648 2543 769 2624 quidem
780 2543 882 2605 habita
897 2546 1014 2605 ratione
1029 2544 1090 2604 loci
1106 2553 1137 2602 et
1151 2554 1267 2624 ternpo-

146 2629 206 2706 ris,
227 2639 259 2689 et
271 2650 378 2690 eorum
399 2630 438 2690 ad
454 2649 530 2708 quoa
548 2651 647 2690 sermo
668 2630 826 2708 dirigitur,
850 2639 885 2691 ut
899 2631 938 2689 ad
963 2631 1092 2690 sormam
1106 2631 1266 2708 Evangeli-

146 2735 200 2774 cae
215 2715 414 2776 institutionis
420 2764 430 2795 ,
451 2716 720 2778 familiaeDomirsi
738 2737 911 2777 mensuram
924 2717 982 2776 cibi
997 2716 1136 2776 salutaris
1153 2736 1266 2796 oppor-

147 2809 219 2860 tune
234 2801 418 2882 dispensent.
460 2802 552 2876 Nam,
575 2811 611 2861 ut
625 2804 668 2862 ait
682 2801 853 2877 Palladius,
874 2822 982 2880 magna
996 2822 1068 2882 pars
1085 2801 1266 2880 prudentiae
1283 2842 1286 2847 ·

146 2895 191 2946 est
204 2889 345 2947 consulta
357 2889 474 2949 ratione
487 2908 646 2968 personam
665 2887 746 2947 illius
760 2888 813 2987 qui
825 2888 933 2948 scribit
944 2887 1135 2967 permetiri.“
1176 2886 1266 2947 Hisce

147 2972 321 3034 oxJoanne
345 2970 624 3059 Seriaberiensil),
654 2974 825 3053 praemissis
845 2973 1157 3044 dehortationibus,
1191 2993 1265 3052 quas

147 3054 251 3132 ratres
275 3054 456 3158 inrypopnp
464 3068 557 3121 vocat
579 3058 769 3139 Epiphanius
790 3057 844 3141 ²),
873 3080 1024 3140 quoique,
1053 3068 1090 3117 ut
1110 3057 1191 3117 idem
1213 3059 1265 3135 ait,

142 3142 229 3203 libris
252 3144 317 3204 auis
341 3145 534 3226 praemittere
552 3145 688 3206 solebant
708 3143 834 3246 nqiuroi
855 3148 1056 3229 συγγραφεῖς,
1078 3144 1188 3224 quibua
1214 3105 1266 3207 dni

147 3229 325 3312 αἰνίγματος
344 3227 505 3310 deripuere
533 3229 690 3294 idelnsoov
709 3224 810 3310 πάσης
831 3229 1036 3311 ὑποκειμένης
1050 3230 1264 3312 πραγματείας,

145 3316 295 3377 neminem
316 3336 380 3376 esse
403 3316 549 3394 arbitror,
583 3317 636 3395 qui
655 3316 831 3396 priusquam
855 3317 895 3376 ad
921 3316 1049 3396 hujusce
1077 3316 1264 3394 Πασχαλίου,

146 3418 198 3461 seu
212 3400 367 3462 Paschalia
380 3401 541 3475 chronici,
563 3401 646 3481 quod
663 3401 747 3484 typis
761 3402 862 3479 Regiis
876 3402 996 3483 prodit,
1017 3401 1178 3460 lectionem
1197 3400 1264 3479 qui-

145 3486 193 3545 vis
207 3488 350 3566 accedat,
378 3510 438 3548 non
455 3490 587 3548 fatertur
603 3489 683 3548 ultro
698 3488 829 3567 pretium
842 3508 905 3549 ease
918 3508 1044 3567 operae,
1074 3498 1185 3546 utnon
1199 3507 1264 3545 mo-

147 3570 186 3631 do
201 3592 278 3651 quae
300 3595 366 3633 sors
388 3575 471 3634 iliius
487 3574 596 3649 fuerit,
628 3584 694 3635 turn
708 3573 784 3653 quid
804 3573 835 3631 in
855 3571 913 3632 hac
935 3572 1065 3633 editione
1083 3573 1262 3652 praestitum

146 3656 186 3715 sit
202 3671 398 3737 egumenum
420 3659 474 3721 sed
489 3660 578 3720 etiam
591 3668 626 3718 ut
642 3660 774 3719 auctoris
786 3680 911 3735 nomen
932 3660 983 3719 rel
1002 3661 1104 3719 saltem
1118 3678 1195 3737 quae
1209 3679 1264 3738 pa-

145 3742 220 3820 tria,
241 3746 281 3804 sit
301 3745 340 3806 de
353 3755 486 3826 utroque
508 3756 624 3821 tamen,
647 3746 729 3824 quod
746 3744 892 3807 hactenus
909 3745 1131 3825 inexploratum
1152 3753 1262 3820 manet,

146 3789 303 3909 quidpiam
318 3831 423 3891 resciri
440 3832 551 3909 possit,
581 3789 666 3910 qdod
684 3831 795 3929 operis
802 3838 1027 3909 argumentum,
1048 3831 1170 3909 quodve
1184 3829 1263 3889 libro

135 3912 253 3974 'lemma
271 3916 385 3997 apponi
407 3917 558 3992 debuerit,
582 3915 688 3977 sedulo
710 3917 898 3997 inquiretur:
921 3929 1002 3996 quae
1015 3914 1168 3997 quidem
1158 3936 1191 3975 ιιι
1204 3914 1264 3975 hae

147 3997 333 4063 Praefationo
344 4022 402 4085 pro
417 4003 499 4064 virili
512 4002 711 4064 examinanda
727 4001 923 4083 suscepimus.

135 4284 397 4386 ¹)uptst.172.·

181 4304 274 4423 )1n
280 4356 368 4429 tepus
385 4357 420 4411 ad
436 4356 575 4426 boecium,
601 4363 629 4413 et
644 4359 718 4414 Pani
736 4359 828 4414 Praab
