2992 4894
266 277 318 349 aa
438 234 443 242 ’
634 335 650 383 s
689 264 994 335 assessus.

266 445 397 517 loannes
413 436 617 523 Noviomagus
636 439 671 501 in
690 440 839 501 laterculo
859 439 1025 507 eorundem
1044 439 1200 520 cyclorum
1220 451 1291 522 post
1311 442 1379 504 Be-

269 533 343 593 dam
359 530 395 599 de
414 527 530 589 Natura
548 547 660 595 rerum.
701 526 747 587 lta
770 525 969 605 Hieronymus
988 530 1021 587 in
1038 527 1191 587 Chronico
1202 529 1377 589 Eusebiauo

264 615 413 681 Consules
426 613 581 691 digessisse
594 630 650 689 per
665 611 760 673 lustra
772 612 896 688 suttona,
917 611 1133 692 Olympiadem
1147 612 1268 675 nomine
1283 615 1378 675 etiam

267 702 395 775 denota,
411 699 508 778 ¹idque
522 698 559 759 ab
578 698 710 759 Africani
731 698 919 776 temporibus
938 699 1120 773 obtinuisse,
1143 699 1291 761 observet·
1302 701 1379 759 Sca-
1476 748 1477 751 .

268 788 345 865 liger
359 784 409 863 ¹),
431 785 484 864 qui
504 793 587 849 recte
610 792 714 843 monet
729 783 880 851 studiosos
895 802 1003 845 cavere
1020 786 1144 861 dehere,
1166 805 1205 847 ne
1219 785 1378 864 Olympia.

266 873 338 935 dem
362 872 510 931 lulianam
530 889 598 929 cum
616 867 932 948 lpbiteauonfundant
948 871 1028 950 apud
1049 870 1176 933 eundem
1188 871 1377 945 animumn,

265 958 435 1027 ,Ausonium
442 1002 451 1034 ,
482 957 652 1031 Socratem,
682 963 711 1013 et
732 955 822 1030 alios,
849 955 882 1014 in
905 950 1015 1034 quibus
1035 968 1081 1023 eat
1105 966 1213 1017 auctor
1231 955 1377 1017 Chronici
1477 967 1478 990 ³

221 1090 229 1105 .
266 1042 438 1116 Paschalis,
462 1061 554 1120 aquo
569 1040 711 1100 Consules
732 1041 848 1121 pariter
862 1040 1039 1119 digeruntur
1058 1062 1115 1122 per
1134 1042 1232 1105 lustra
1245 1041 1390 1115 Iuliana,

269 1150 346 1208 quae
368 1126 581 1206 olympiadum
606 1127 728 1185 nornine
746 1126 788 1193 ,ab
811 1146 847 1185 eo
870 1127 960 1189 etiem
980 1128 1147 1203 donantur,
1169 1137 1201 1188 et
1216 1126 1376 1186 idatiusiu

268 1214 420 1274 Chronico
438 1235 453 1270 a
468 1212 630 1271 Sir-mondo*
643 1211 733 1271 edito.
776 1211 870 1270 Verbi
890 1216 970 1273 enim
982 1215 1076 1292 gratis
1097 1208 1179 1272 idem
1196 1212 1313 1273 ldstius
1332 1211 1378 1271 ait
1477 1287 1478 1290 Ἴ

268 1290 472 1361 Theodosium
483 1299 652 1377 ingressum
665 1298 955 1377 Constantinopolim
969 1300 1000 1361 iu
1014 1299 1116 1379 primo
1128 1299 1292 1358 Consulatu
1306 1317 1375 1374 suo,

266 1406 359 1464 quens
376 1404 445 1453 cum
462 1385 606 1447 Gratiano
626 1383 734 1462 agebat
755 1383 903 1460 Augusto,
927 1384 1109 1465 Olympiade
1129 1402 1213 1447 ccxc.
1237 1383 1378 1462 quierat

266 1491 365 1531 annus
391 1470 577 1555 Olympiadis
597 1489 650 1533 eeu
669 1468 757 1533 lustri
775 1469 885 1528 iuliani
905 1473 1037 1548 primus,
1061 1480 1187 1550 quartus
1201 1489 1277 1533 vero
1291 1467 1376 1548 Iphi·

267 1567 334 1617 teas
352 1576 517 1618 ccaxxxsx.
561 1555 650 1635 Apud
667 1555 795 1614 eundem
813 1556 1006 1635 scriptorem,
1028 1555 1214 1617 Theodosius
1225 1555 1376 1615 invaletu-

269 1642 338 1711 dine
354 1640 502 1722 hydropis
534 1641 616 1722 apud
638 1640 841 1703 Mediolanum
863 1641 1025 1703 defunctus
1052 1643 1166 1705 dicitur
1187 1661 1264 1700 anno
1290 1640 1378 1717 regni

268 1728 315 1788 sui
333 1749 409 1790 xvir.
432 1727 563 1806 (Christi
583 1725 699 1787 scilieet
720 1725 876 1804 cccxcv.)
887 1746 925 1789 ex
945 1738 1014 1788 ante
1029 1728 1109 1787 diem
1123 1748 1187 1789 xus.
1203 1726 1271 1787 Kal.
1286 1727 1378 1789 Febr.
1476 1758 1477 1761 ι

261 1814 398 1892 ,Olybrio
421 1822 452 1873 et
469 1814 600 1877 Prohino
621 1813 703 1871 Coss.
734 1813 929 1890 quiquidem
950 1815 1130 1875 Consulatus
1154 1816 1186 1873 in
1205 1830 1378 1889 ennomus.

268 1899 457 1979 Olympiadis
473 1920 525 1958 seu
547 1899 634 1959 lustri
655 1896 763 1959 Iuliani
787 1917 907 1962 ocrem.
925 1900 1052 1972 incidit,
1074 1899 1206 1978 quierat
1226 1897 1380 1977 malphi·
1476 1944 1477 1953 ,

268 1984 345 2045 Ione.
389 1986 466 2049 Tum
488 1983 563 2043 baec
583 1982 684 2055 addit:
705 1980 746 2040 Et
768 1984 831 2062 ipse
845 2006 959 2061 annua,
980 1989 1034 2068 qui
1051 1980 1212 2047 Theodosii
1221 2000 1299 2043 xvir.
1313 1984 1379 2063 ipse
1476 1996 1477 1999 ’

265 2066 399 2130 Arcadii
414 2082 441 2127 et
453 2066 587 2130 Honorio·
607 2071 639 2128 in
659 2068 745 2126 initio
767 2069 849 2149 regni
869 2090 967 2129 eorum
980 2071 1096 2151 primns
1109 2084 1162 2131 est.
1209 2066 1298 2147 Quod
1309 2065 1378 2129 ideo

265 2151 441 2230 indicatur,
469 2176 506 2212 ne
527 2146 734 2234 Olympiadem
757 2173 787 2212 v.
802 2175 948 2215 marsorum
975 2154 1070 2215 turbet
1094 2153 1239 2236 adjectio,
1267 2156 1301 2214 in
1318 2151 1379 2214 hoc
1476 2192 1477 2195 =

196 2232 203 2239 ’
266 2236 337 2301 loco
358 2253 472 2298 tontum
493 2253 615 2320 propter
634 2252 806 2319 regnantum
829 2241 940 2299 inserto
964 2233 1203 2322 principium2).
1254 2239 1379 2299 Dicitur

207 2356 212 2360 ·
263 2344 355 2403 porro
379 2323 569 2387 Theodosius
591 2325 653 2385 vita
672 2324 835 2385 excessisse
860 2345 939 2385 auno
952 2327 1047 2404 Regni
1067 2346 1145 2386 xvu.
1167 2333 1201 2387 ut
1217 2326 1269 2404 qui
1285 2327 1379 2384 leva-

263 2419 313 2469 tus
341 2410 434 2470 fuerit
462 2410 564 2477 Sirmii
592 2428 630 2470 ex
655 2418 724 2473 ante
752 2408 830 2471 diem
860 2429 923 2471 xrs.
946 2413 1014 2472 Kal.
1038 2412 1125 2473 Febr.
1153 2431 1232 2470 anuo
1262 2411 1378 2471 Christi

232 2525 237 2533 .
262 2514 426 2558 occurxrx.
455 2496 608 2561 extinctus
636 2508 710 2555 vero
730 2514 771 2553 ex
790 2496 958 2557 antediem
979 2517 1045 2558 xrs.
1068 2498 1137 2559 Kal.
1162 2496 1248 2556 Febr.
1272 2518 1289 2555 a
1313 2518 1378 2577 quo

265 2600 391 2656 regnare
405 2589 571 2660 coeperunt
594 2579 740 2639 Arcadius
756 2588 785 2638 et
797 2579 956 2641 Honorius.
993 2584 1128 2662 Denique
1145 2581 1228 2662 apud
1246 2583 1379 2642 eundem

264 2665 409 2741 idatium,
432 2675 468 2724 ut
487 2674 517 2727 et
534 2665 712 2744 scriptorem
730 2663 889 2741 Chronici,
916 2667 1043 2728 Honorii
1060 2689 1129 2730 vau.
1152 2678 1181 2728 et
1200 2666 1379 2746 Theodosii,
1477 2701 1478 2704 ¹

264 2751 390 2810 Arcadii
410 2750 483 2826 filii,
512 2770 558 2811 ιιι.
580 2751 760 2813 Consulatus
783 2753 915 2813 retertur
938 2754 977 2813 ad
1004 2774 1115 2815 annum
1141 2774 1163 2817 1.
1186 2754 1379 2836 Olympiadis

266 2856 398 2897 ccxcvn.
419 2836 473 2915 qui
483 2835 543 2896 fuit
557 2857 653 2896 annus
664 2858 699 2896 11.
716 2835 863 2915 lphireao.
1405 2836 1409 2843 ’

128 2998 256 3084 *tymim
350 3004 518 3067 XXXVIII.
562 3004 621 3067 Sed
642 3014 672 3066 et
692 3024 791 3085 neque
806 3005 1020 3086 Olympiadum
1045 3007 1166 3069 nomine
1184 2992 1266 3068 aliud
1282 3010 1380 3071 intel-

107 3070 341 3177 e'‘Pin''“ffljlesrit
364 3091 534 3180 Ausonius,
565 3111 653 3170 quam
684 3092 812 3152 lustrum
837 3093 1002 3170 Iulianum,
1022 3093 1066 3152 ‘in
1084 3114 1120 3153 eo
1143 3094 1378 3174 Epigrammata,

265 3177 297 3234 in
312 3197 372 3254 quo
387 3177 490 3235 Festos
513 3178 690 3239 Consulares
714 3199 746 3237 se
765 3179 979 3258 conscripsisse
1002 3189 1144 3254 testatur,
1166 3182 1220 3241 ubi
1234 3183 1308 3242 sutis
1324 3183 1379 3241 in-

262 3263 333 3323 nuit
346 3282 398 3323 sua
415 3271 513 3323 aetate
524 3262 580 3323 hos
595 3284 650 3341 per
664 3263 859 3342 Olympiadas
872 3266 964 3325 luisse
980 3266 1112 3341 digestos
1127 3263 1179 3347 ³)=

403 3400 406 3405 ⁴
435 3346 525 3409 Urbis
539 3346 577 3407 nb
594 3360 728 3409 aeternae
741 3346 896 3413 deductum
911 3349 994 3431 Rege
1012 3349 1132 3430 Quirini

469 3431 630 3495 Annorum
647 3435 747 3498 semem
762 3458 869 3516 quum,
892 3433 1037 3513 Procula,
1057 3436 1203 3517 accipies,

430 3514 524 3583 Mitte
534 3532 630 3579 aanor
642 3533 828 3602 centumque,
850 3535 877 3578 et
893 3519 1077 3603 bisflumisse
1090 3543 1232 3598 novenos,

476 3598 613 3682 Consulis
624 3603 757 3667 Ausonii
773 3627 878 3669 nomen
890 3602 934 3664 nd
948 3629 1039 3688 usque
1052 3603 1138 3686 leges.

429 3684 506 3747 Fors
519 3690 573 3747 erit
588 3703 621 3748 ut
634 3686 758 3750 lustrum
773 3714 840 3751 cum
854 3715 885 3751 se
898 3688 1097 3753 cumulaverit.
1107 3692 1186 3767 istis,

474 3768 648 3858 Confectum
665 3772 810 3837 Proculus
824 3778 917 3856 signet
932 3770 1149 3856 Olympiodoro.

263 3856 301 3916 Id
323 3864 384 3928 est,
408 3855 485 3917 forte
506 3860 641 3935 eveniet,
663 3870 698 3918 ut
716 3861 880 3940 praedietis
901 3861 937 3922 ab
954 3863 988 3923 U.
1003 3863 1035 3920 C.
1049 3862 1166 3923 exactis
1182 3860 1283 3938 annis,
1307 3861 1378 3942 qui-

263 4003 472 4018 ................„,.

297 4097 329 4165 ¹)
347 4098 377 4150 Io
395 4098 460 4154 Not.
479 4098 514 4154 ad
531 4100 636 4156 Graeca
658 4101 756 4156 Euseb.
774 4119 800 4173 p.
818 4104 864 4159 22.
888 4107 916 4157 et
932 4102 977 4156 lib.
993 4104 1019 4158 5.
1038 4101 1072 4157 de
1092 4100 1198 4156 massa
1215 4106 1295 4170 temp.
1311 4117 1381 4173 pag.

296 4166 395 4303 5³}ss
410 4170 478 4291 {ihil
495 4238 553 4291 MS.
571 4198 623 4291 sion
643 4239 807 4308 Prinos‘pum,
823 4245 854 4293 ut
870 4244 912 4295 est
927 4238 956 4293 in
972 4238 1036 4293 edit.

295 4304 327 4371 ⁸)
345 4306 479 4363 Censoriu-
497 4324 521 4363 o.
540 4311 566 4363 8.
601 4308 702 4379 Scalig.
716 4310 750 4365 de
767 4310 865 4366 amend
882 4319 962 4380 temp.
981 4327 1008 4380 p.
1025 4310 1086 4371 482.
