3016 4898
400 374 445 440 IN
471 372 719 441 GHRONICON
744 374 962 443 PASOEAIAE.
1162 373 1239 449 249

207 540 289 619 Pug-
314 544 365 605 68.
390 541 421 607 4.
466 537 599 622 Νήσιβι]
630 543 690 601 Seu
711 541 814 623 potius
837 536 988 622 Νήσιβις·
1021 560 1090 603 nam
1118 544 1160 604 its
1187 567 1239 608 se·

112 628 178 687 mel
209 648 251 686 ac
282 627 391 686 iterum
420 625 496 689 baec
525 626 755 704 vox,effertur,
789 647 878 707 quam
908 627 1014 687 urbem
1043 629 1093 688 lex
1112 651 1142 690 v.
1164 631 1237 692 Cod.

112 711 174 777 Tb.
208 711 252 771 de
283 712 440 773 Exaction.
470 723 501 772 et
529 714 697 793 Scriptores
724 715 789 773 serc
824 733 928 772 omnes
956 716 1083 795 Νίσιβιν
1110 727 1237 777 vocant:

111 797 238 858 nummi
263 817 340 858 vero
363 798 508 882 Νίσιβιν,
536 808 571 858 ut
591 799 907 859 monent‘Holstenius
930 799 1018 860 etv.
1040 801 1071 860 G.
1094 801 1136 863 Jo.
1159 801 1239 864 Har-

110 882 245 944 duinus.
296 922 321 946 -,
571 924 576 931 -

204 968 285 1046 ch-
307 972 358 1035 63.
380 971 410 1033 6.
454 962 637 1050 Εκβολτανα]
662 971 794 1047 Zonaras
813 969 866 1028 lib.
879 990 928 1030 111.
951 967 1057 1030 Annal.
1073 991 1155 1032 num.
1173 992 1238 1034 κισ.

111 1053 296 1121 Bochartus
317 1054 348 1112 in
372 1053 500 1114 Phalsco
524 1055 575 1115 lib.
596 1076 642 1116 111.
676 1077 742 1137 cap.
764 1075 830 1116 xiv.
852 1063 908 1116 etc.
1019 1122 1025 1136 x
1196 1068 1201 1077 '

179 1138 290 1217 rag.
313 1144 370 1207 63.
386 1146 418 1206 7.
461 1134 789 1222 Κλίμακοςαιλμτιτου]
812 1140 885 1200 Cod.
907 1140 968 1202 MS.
989 1136 1024 1204 τιί
1046 1138 1080 1204 dl
1100 1139 1239 1222 πέμπτον

114 1225 211 1305 κλίμα
246 1224 312 1288 ἐστὶ
342 1220 381 1305 ds'
406 1222 692 1307 Ελληστιόνιου,»ἢ
714 1224 765 1289 decl
796 1220 984 1309 peperissem
1005 1230 1060 1306 τῆς
1081 1222 1240 1307 θαλάσσης

115 1309 254 1391 καὶτῆς
278 1312 439 1392 μεσογαίας
457 1313 514 1374 τοῦ
541 1335 589 1375 nm
616 1313 754 1394 Οψικίου
775 1310 981 1394 καλουμένου,
999 1311 1067 1375 ’τῶν
1087 1309 1239 1378 Βουκελολ-

116 1418 199 1471 ταν,
225 1395 284 1457 καὶ
304 1401 365 1459 τοῖν
387 1398 556 1479 Αρμιυίοιν.

206 1481 287 1559 Pag·
310 1485 359 1548 63.
374 1487 433 1548 ⁴11.
478 1480 585 1563 Κύλα]
609 1487 708 1547 Κοῖλα
728 1482 889 1562 legendum
910 1491 1014 1543 monet
1030 1482 1151 1542 Hearic.
1172 1483 1240 1543 Va·

117 1565 213 1626 lesius
240 1568 283 1627 ad
311 1567 365 1632 lib.
389 1587 467 1630 1¹11.
490 1570 639 1630 Ammiani
659 1589 726 1650 pag.
749 1568 823 1636 215.
848 1574 876 1633 1.
902 1568 973 1628 edit
1017 1570 1076 1629 Sed
1104 1570 1137 1628 in
1166 1569 1239 1629 cod.

116 1650 219 1712 Vatis.
243 1677 266 1714 υ
288 1674 346 1731 pro
365 1677 395 1715 οι
412 1656 584 1732 promiscue
606 1657 741 1736 ponitur,
763 1664 799 1713 ut
820 1651 1011 1737 Κυλησυρία,
1035 1648 1157 1736 Εὐβοία,
1180 1665 1238 1715 etc.

206 1739 286 1815 Pag.
309 1742 359 1804 64.
382 1745 412 1805 6.
456 1736 646 1822 Καλχηδών]
679 1738 722 1800 lta
751 1741 839 1799 etiam
861 1739 936 1799 baec
956 1761 1020 1800 vox
1041 1741 1185 1801 scribitur
1205 1742 1236 1800 in

117 1819 278 1884 Chronico
299 1824 360 1884 MS.
383 1827 539 1904 Symeonis
561 1825 759 1905 Logotbetae,
782 1824 934 1904 quomodo
956 1827 1134 1904 praeferunt
1154 1836 1237 1886 vete-

118 1927 167 1966 res
190 1909 322 1983 nunrmi,
347 1919 381 1969 ut
403 1911 634 1972 observatuma
657 1912 828 1986 sirmondo,
851 1909 1041 1989 Spanbemio,
1065 1910 1234 1989 Harduino,
1283 1936 1287 1941 ·

118 2001 149 2051 et
171 1993 253 2055 aliis.
298 1994 374 2055 Vide
395 1996 588 2057 Sirmondum
611 1996 650 2057 ad
672 1997 828 2057 Sidonium
841 1997 881 2056 ‘iu
903 2016 1048 2078 panegyr.
1075 1994 1236 2057 Anthemii,

119 2096 149 2141 v.
174 2079 230 2144 49.

206 2166 283 2243 Pag.
306 2169 358 2232 64.
379 2171 410 2234 8.
455 2168 609 2247 Κλίματος
631 2161 782 2249 ἑβδόμου]
815 2108 888 2228 dod.
912 2166 971 2226 MS.
993 2162 1027 2230 sd
1050 2164 1083 2230 dl
1105 2167 1252 2251 ἕβδομον·

119 2249 212 2329 κλίμα
241 2250 306 2314 ἐστὶ
333 2247 368 2315 sd
391 2249 442 2315 did
471 2252 700 2334 Βορυσθένους,
731 2253 783 2315 καλ
808 2257 865 2316 τοῦ
889 2246 1069 2333 Δανυοτίβε,
1101 2254 1151 2317 καλ
1174 2260 1236 2319 τοῖν
1337 2314 1341 2321 ,

120 2335 341 2417 βορειωτέρων,
366 2332 444 2403 ὅπου
467 2343 662 2403 κατοικοῦσιν
686 2333 821 2421 &polypos
840 2336 893 2400 καί
915 2330 1050 2419 Χολζαροι
1072 2337 1238 2423 ἐγγίζοντες.

119 2424 163 2503 τῷ
184 2424 331 2508 Ωκεανῷ.
1213 2450 1216 2457 ·

207 2507 282 2585 Pag·
304 2509 353 2574 64.
377 2514 409 2576 9.
455 2507 533 2593 Περὶ
553 2507 782 2592 Αστρουομλας]
813 2508 936 2570 Exactis
964 2508 1097 2587 gentium
1119 2530 1155 2570 ao
1175 2530 1235 2591 po-

120 2591 268 2668 pulorum
297 2593 511 2673 divisionibus,
542 2596 671 2656 Deorum
697 2594 856 2655 historiam
884 2596 948 2655 fere
979 2615 1098 2675 semper
1126 2615 1235 2674 aggre-
1274 2596 1277 2602 ⁴

122 2672 261 2738 (liuntur
279 2689 396 2742 veteres
426 2680 607 2759 Chronologi
637 2681 815 2759 Christiani,
842 2701 903 2761 quo
931 2701 992 2740 non
1021 2683 1236 2760 reversuros,

99 2828 101 2836 Ι
123 2761 174 2821 sed
199 2763 339 2825 homines
359 2766 430 2827 illos
454 2768 545 2827 luisse
568 2767 790 2845 demonstrent,
810 2769 954 2847 ipsosque
976 2786 1041 2826 esse
1065 2766 1152 2844 longe
1173 2789 1237 2848 po-

125 2849 268 2912 sterioies
290 2853 443 2913 veteribus
464 2853 530 2913 istis
551 2854 708 2929 Patribus,
731 2873 860 2933 quorum
883 2855 975 2912 Sacra
998 2851 1133 2912 meminit
1154 2854 1237 2912 Scri-

125 2940 229 3011 ptura.
275 2937 318 2996 lta
342 2939 488 3017 Georgius
510 2942 683 3017 Syncellus,
711 2939 764 3019 qui
786 2939 892 2999 statim
905 2938 1058 3019 subjungit
1076 2941 1161 3001 Θεῶν
1176 2941 1235 3020 βα-

125 3023 240 3083 σιλείαν
262 3043 301 3082 ex
322 3025 417 3083 veteri
440 3024 607 3102 Chronico,
629 3028 760 3105 Symeon
782 3024 946 3104 Logotheta
967 3032 997 3082 et
1019 3024 1173 3084 Gedrenus
1196 3045 1235 3086 ex

126 3103 192 3165 aliis
220 3100 440 3188 Sdriptoribus.
483 3112 599 3170 Auctor
628 3111 757 3189 denique
787 3110 929 3171 Chronici
958 3108 1110 3171 Pascbalis
1136 3111 1235 3170 fusio-

126 3207 189 3249 rem
212 3214 304 3272 quam
327 3197 437 3255 caeteri
458 3194 537 3254 banc
559 3197 655 3276 ipsam
679 3196 842 3255 Nominum
863 3215 1048 3275 paganorum
1071 3195 1234 3255 Historiam

127 3280 338 3358 persequitur,
360 3281 409 3340 cui
431 3281 628 3341 illustrandae
650 3300 728 3340 uuus
749 3282 826 3341 forts
848 3281 999 3339 suffecerit
1020 3281 1146 3340 loannes
1173 3281 1235 3339 Ari-

126 3358 301 3441 tioelrenus,
330 3368 416 3446 cujus
447 3375 591 3446 excerpta
611 3364 763 3426 habentur
785 3369 819 3426 in
840 3365 951 3427 Codice
972 3364 1082 3443 Regio,
1112 3365 1233 3426 interim

127 3442 198 3507 dum
221 3460 304 3510 totus
326 3452 377 3511 ille
398 3450 535 3532 prodeat.
973 3488 975 3492 v

130 3616 169 3682 14
212 3536 433 3614 Pog.64.11.
474 3529 705 3619 Ανδοοβοίριος]
727 3538 859 3627 Symeon
877 3533 1002 3614 Lugotb.
1023 3532 1148 3625 Cedreu.
1163 3555 1232 3616 pag.

170 3629 256 3681 ‚ete

212 3707 285 3783 Pag-
308 3706 359 3774 64.
384 3711 434 3774 13.
477 3713 525 3781 Es
544 3710 600 3788 τῆς
622 3710 722 3786 φυλῆς
743 3708 800 3767 τοῦ
824 3701 911 3786 Σήμ]
942 3704 988 3786 lta
1013 3703 1177 3784 Lugotheta
1203 3717 1233 3766 et

129 3783 297 3930 gpdrenuss
327 3802 358 3853 at
384 3792 520 3854 lladerns
541 3793 701 3872 legendum
725 3800 826 3874 censet
846 3796 902 3855 cosi
925 3788 1013 3873 Xdp‚
1042 3791 1137 3873 cujus.
1151 3790 1233 3852 Chus

161 3872 208 3935 ius
230 3879 294 3938 fuit.
923 3883 935 3894 “

212 3963 285 4040 Pssg·
298 3961 349 4030 64.
366 3961 416 4031 14.
448 3961 513 4046 Tris·
528 3960 747 4046 Βαβυλωνίαν]
770 3962 924 4023 cedrenus
939 3957 1157 4040 et'Logotheta,
1175 3956 1234 4040 τὴν

130 4042 304 4123 Βαβυλῶνα.
326 4049 401 4109 Nam
417 4051 585 4131 Babylonia
599 4050 779 4124 Ptolemaeo,
794 4050 904 4122 Plinio,
920 4049 1069 4109 Marciano
1085 4047 1233 4126 Capellae,

131 4135 160 4184 et
173 4132 246 4206 aliis,
261 4155 332 4213 para
341 4136 573 4218 Mesopotamiae
588 4143 617 4195 et
627 4137 765 4214 Assyriae
777 4136 818 4195 ita
833 4134 1019 4215 appellatur:
1041 4152 1130 4212 quem
1139 4133 1235 4190 bero·

132 4229 189 4286 θῦε,
202 4228 235 4276 ut
243 4220 359 4281 Auctor
370 4233 416 4282 est
427 4223 597 4283 Alexander
606 4220 779 4300 Polybistor
790 4220 872 4300 apud
880 4220 1042 4300 Georgium
1049 4215 1232 4296 syncellum,

130 4303 249 4366 κεῖσθαι
269 4304 320 4369 λιτὶ
341 4312 398 4370 τοῦ
424 4311 561 4390 Τίγριδος
581 4305 634 4369 καλ
657 4300 827 4385 Εὐφράτου
848 4310 987 4386 ποταμοῦ
1008 4302 1103 4384 μέσην
1117 4299 1234 4362 scribit.

133 4379 286 4451 Casurum
314 4391 478 4475 Babylonis
509 4393 696 4456 conditorem
719 4390 923 4453 Nembrodum
954 4394 1121 4470 agnoscunt
1143 4384 1233 4446 etiam
