2992 4894
557 272 871 344 ruossano.
1217 285 1268 361 23

164 446 264 508 mnne
279 466 352 507 sana
364 446 426 509 siut
439 467 476 508 ao
488 445 676 513 cohaereant.
719 447 804 510 Unde
814 466 889 508 vero
902 445 1068 511 Mamellini
1080 451 1128 512 rel
1153 450 1271 534 Hippo·

164 534 223 613 lyei
243 533 365 593 nomina
389 532 462 594 huic
484 532 649 608 Chronico,
680 554 780 614 quove
806 532 1016 612 fundamenta,
1057 535 1267 617 praefigantur,

163 618 274 679 vellem
289 618 411 696 doceri,
435 621 499 679 sive
512 622 538 679 is
560 619 599 680 sit
612 618 802 679 Marcellinus
815 620 935 694 Comes,
959 640 996 679 ax
1019 622 1106 703 cujus
1117 616 1266 685 Chronico

162 702 311 783 quedam
326 706 403 777 forts
417 704 449 765 in
466 704 682 785 posterioribus
696 704 822 765 saeculis
841 703 1050 784 exscripserit,
1072 708 1135 768 sive
1152 707 1267 789 Hippo.

159 788 174 850 l
211 809 246 848 as
258 790 316 850 iste
329 791 370 850 sit
382 791 408 849 is
424 790 462 850 tle
476 811 537 867 quo
561 791 688 868 agimus,
710 790 773 857 sive
785 788 838 863 ilie
857 789 908 869 qui
928 788 1086 852 Thebanus
1107 793 1198 871 vulgo
1218 795 1268 854 in-

215 875 324 948 itstur,
349 877 436 956 cujus
459 874 627 936 Chronicon
648 875 751 935 Latine
772 876 881 953 partim
900 874 1013 937 editum
1033 886 1061 935 a·
1074 877 1213 953 Caninio,
1235 889 1266 940 et

161 969 305 1041 excerpta
323 961 438 1023 Graeca
461 960 576 1039 aliquot
594 958 745 1021 hahentur
765 962 798 1020 in
815 959 997 1020 Bibliotheca
1016 962 1102 1040 Regis
1122 962 1266 1023 Christia-

160 1044 286 1105 nissimi.
329 1046 389 1107 Sed
407 1066 475 1107 cum
497 1045 681 1127 Hippolytus
702 1047 762 1106 iste
782 1044 940 1106 Thebanus
958 1046 1069 1107 vixerit
1089 1038 1207 1107 saeculo
1221 1069 1265 1111 xc.

161 1130 305 1191 (ihroniei
321 1128 396 1192 verti
416 1132 546 1212 scriptor
569 1132 600 1192 iu
622 1131 771 1207 Heraclii,
793 1130 930 1211 subque
953 1131 1044 1208 vixit,
1065 1142 1198 1211 tempora
1212 1132 1266 1193 de·
1361 1192 1367 1205 ,

161 1215 258 1293 sinat,
279 1216 334 1277 rix
349 1226 395 1276 eet
411 1226 449 1277 ut·
469 1217 588 1291 credam
605 1215 688 1277 hunc
707 1218 737 1277 in
756 1215 851 1277 hocce
868 1214 1113 1297 lemmatehposse
1130 1218 1266 1297 intelligi.

162 1303 263 1380 Atque
275 1300 326 1361 hic
345 1302 464 1391 quidem
484 1304 522 1362 ds
538 1302 707 1383 Hippolyti
723 1300 871 1362 Chronico
893 1301 988 1361 insius
1007 1302 1086 1363 forte
1102 1322 1190 1382 quam
1207 1324 1264 1383 pst

163 1396 227 1449 erat
238 1386 370 1465 egimus,
390 1398 453 1449 tum
468 1398 505 1448 ut
518 1408 576 1466 qur
590 1388 705 1448 ratione
720 1387 864 1470 ejusmodi
876 1386 1028 1447 Paschalia
1039 1388 1178 1469 primitus
1192 1409 1264 1448 oon·

161 1472 339 1551 scripserint
360 1483 480 1534 veteres
501 1473 676 1545 Christiani,
707 1475 831 1554 planam
853 1471 954 1548 fieret,
981 1482 1046 1532 tum
1064 1473 1152 1534 etiam
1165 1483 1207 1539 ut
1226 1494 1265 1532 sn

159 1576 253 1637 supra
265 1568 497 1620 memoratorum
515 1559 659 1619 Codicum
674 1559 865 1618 Scorialensis
878 1556 1082 1619 Bibliothecae
1100 1558 1182 1618 tituli
1195 1579 1264 1620 sns-

159 1642 233 1703 dsra
253 1645 388 1724 possint,
418 1665 456 1705 ex
479 1644 640 1725 Hippolyti
664 1643 831 1718 Chronico,
861 1642 1037 1723 scriptorem
1065 1643 1156 1704 istius
1182 1636 1264 1724 qnod

157 1727 252 1788 modo
264 1729 453 1809 publicamus
467 1730 614 1809 quaedam
630 1730 830 1811 excerpsisse,
851 1729 971 1791 tametsi
990 1729 1027 1788 ad
1042 1729 1175 1812 ejusdem
1190 1730 1265 1809 Hip.

157 1813 258 1893 polyti
277 1814 628 1892 Heccaedeositsridem,
660 1816 697 1875 de
722 1835 782 1895 qua
806 1814 943 1894 pluribus
972 1833 1059 1899 egere
1082 1814 1215 1892 Scaliger
1234 1823 1265 1873 et

160 1896 358 1980 Patavinsl),
380 1900 537 1971 Paschsles
551 1920 690 1961 recurms
702 1899 822 1960 minime
842 1901 975 1978 exegisse
998 1906 1131 1975 constet,
1153 1896 1206 1957 sad
1225 1897 1265 1956 sd

159 1983 444 2065 Octodecennrlem,
467 1986 779 2064 Vigintioctennalem,
803 1993 834 2044 et
849 2004 969 2046 oxnn.
984 2003 1131 2045 annortm
1146 1983 1264 2065 cyclos,

114 2112 119 2115 -
143 2068 249 2147 ‚aliia
260 2071 452 2151 syntagmate
466 2064 506 2132 de
519 2071 665 2133 Paschate
678 2070 848 2153 profitetur.

242 2278 352 2342 XVIII.
371 2283 551 2347 .Caeterum
564 2252 724 2363 Hippolyti
740 2281 905 2360 Clnonico,
927 2279 1038 2360 dequo
1061 2279 1192 2359 snmus,
1212 2299 1263 2359 ge·
1281 2263 1303 2316 Ρ
1321 2259 1361 2347 ¹4.

156 2364 270 2457 minum
286 2388 380 2448 prope
395 2378 441 2433 est
450 2413 459 2445 ,
481 2368 540 2427 nisi
552 2368 714 2449 ipsummet
730 2368 880 2440 extiterit,
904 2363 1075 2425 Chronicon
1088 2365 1167 2424 illud
1181 2333 1430 2469 quodlssffiffl

155 2451 252 2535 edidit
272 2451 420 2517 Henriaus
444 2453 578 2513 Canislus
599 2456 682 2512 Tom.
699 2474 733 2515 ιι.
751 2454 853 2531 Antiq.
866 2450 949 2511 Lect.
971 2458 1000 2508 et
1013 2446 1170 2529 Philippus
1188 2448 1431 2523 Lab-,pgcpmffi

156 2534 231 2599 bens
245 2538 330 2602 Tam.
339 2550 369 2600 r.
389 2539 492 2601 Nosse
504 2537 710 2598 Bibliothecae
725 2559 770 2597 ex·
782 2537 842 2596 MS.
864 2534 936 2594 cod.
952 2531 1075 2609 Collegii
1088 2532 1181 2595 Paris.
1196 2535 1261 2594 Soc.
1270 2537 1334 2591 editi
1350 2539 1430 2593 acn-

155 2621 240 2698 Jesu,
267 2620 367 2691 hocce,
386 2624 490 2683 titulo:
522 2623 570 2682 De
594 2620 787 2683 divisionibus
807 2636 834 2681 et
858 2615 1097 2700 generationibus
1120 2606 1430 2698 gentiumtfitissffitb·

155 2700 251 2780 Quod
265 2707 385 2788 quidem
403 2708 576 2769 Chronicon
596 2707 635 2769 sd
650 2706 815 2771 Alexandri
836 2706 940 2765 Severi
964 2723 1074 2763 annum
1092 2722 1162 2763 x111.
1184 2723 1266 2762 eum.
1290 2677 1350 2730 Μ·

155 2812 215 2872 qua
230 2792 351 2871 Imperii
361 2802 551 2876 'postremum
560 2838 569 2871 ,
592 2815 653 2873 quo
663 2794 829 2872 imperante
843 2809 875 2851 se
892 2789 1003 2851 vixisse
1019 2808 1079 2847 non
1097 2788 1189 2847 semel
1204 2787 1268 2847 Au·

156 2878 225 2938 otor
244 2876 361 2955 innuit,
391 2879 579 2959 perducitur.
630 2879 660 2938 Is
684 2879 806 2938 veroin
835 2874 1022 2956 praefatione
1044 2871 1267 2951 descripturum

156 2982 188 3022 se
207 2960 296 3046 uitss)
322 2960 457 3024 Gentium
482 2962 670 3041 diuisionem,
691 2977 719 3022 et
738 2976 892 3044 parentum
913 2957 1126 3019 dinannensium
1143 2979 1268 3037 genera-

155 3040 283 3123 tianent,
305 3045 531 3109 inhabitationis
546 3070 660 3132 quoque
672 3063 820 3130 tempora,
842 3058 869 3104 et
884 3040 1025 3103 bellorum
1039 3041 1268 3118 commissiones,

158 3145 185 3191 et
206 3129 347 3193 tadicum
370 3148 519 3214 tempora,
571 3133 601 3191 ui
615 3148 704 3193 etex
723 3129 829 3215 quibas
842 3126 974 3209 Regibus
994 3126 1059 3185 nati
1081 3140 1163 3201 sunt,
1186 3146 1266 3207 qua-

156 3212 254 3300 lesque
269 3218 455 3298 captivitates
464 3158 585 3299 popuii,
608 3231 635 3276 et
648 3215 754 3300 quibus
769 3211 926 3274 Judioibus
944 3211 1136 3290 contigerint,
1157 3210 1267 3291 quique

157 3298 349 3379 Sacerdotes,
375 3300 482 3384 quibus
498 3298 676 3383 temporibus
678 3299 835 3443 tsuerunt,
857 3312 884 3356 et
904 3318 978 3378 quae
997 3291 1121 3369 divisio,
1142 3307 1169 3352 et
1190 3314 1266 3374 quae

154 3383 283 3468 perditio
293 3384 389 3472 facta
404 3387 461 3463 sit,
482 3408 609 3468 quonam
626 3408 675 3446 nto
699 3408 718 3447 o
735 3383 887 3466 generatio
903 3378 1020 3441 seminis
1039 3373 1137 3437 Israel
1151 3373 1187 3435 de
1202 3370 1266 3436 Pa-

156 3467 251 3530 tribus
265 3470 297 3530 in
313 3469 429 3530 Christo
452 3469 599 3552 completa
613 3472 653 3530 sit
660 3518 671 3547 ‚
693 3484 720 3528 et
738 3480 810 3550 quot
829 3465 989 3548 quantique
1002 3482 1055 3542 per
1069 3475 1181 3543 quanta
1192 3475 1266 3522 tem-

148 3562 153 3569 '
179 3556 243 3615 ora'
254 3553 472 3615 dinumerentur
494 3556 567 3615 anni
586 3579 605 3616 a
629 3569 764 3615 creatura
777 3545 891 3611 saeculi
911 3569 1001 3629 usque
1023 3545 1055 3604 in
1076 3542 1156 3606 bunc
1179 3542 1266 3607 diem.

156 3578 341 3700 Hraefationi
361 3640 457 3699 Index
479 3641 654 3721 subjicitur,
682 3638 768 3717 cujus
789 3657 832 3697 v1.
856 3641 947 3714 capnt
969 3630 1052 3690 hisce
1072 3629 1172 3689 verbis
1194 3649 1267 3689 con-

159 3734 280 3805 ceptum
297 3725 419 3805 legitur:
441 3724 616 3787 Declaratio
635 3720 784 3798 Paschae,
807 3733 834 3779 et
858 3719 924 3802 quis
945 3711 1066 3798 quando
1082 3714 1207 3775 semovit
1225 3737 1267 3774 ea:

158 3808 337 3890 temporibus
354 3809 509 3892 Moysiin
531 3809 609 3871 bunc
628 3807 713 3869 diem.
758 3806 843 3880 Ques
860 3801 981 3882 quidem
994 3798 1034 3860 ad
1048 3800 1266 3859 eareferuntur

160 3892 396 3973 quaehabentur
411 3897 442 3955 in
457 3915 491 3955 ea
510 3897 659 3971 sectione,
680 3891 733 3953 ubi
745 3890 782 3951 de
804 3886 948 3950 Paschale
968 3882 1094 3944 subinde
1112 3904 1130 3942 a
1146 3882 1265 3942 iudans

160 3988 268 4038 exacto
282 3979 391 4058 sgitru.
433 3981 510 4040 Tum
529 3980 666 4041 additare
690 3975 727 4040 A
745 3974 932 4057 generatione
951 3983 1047 4030 autem
1070 3962 1181 4029 Gbristi
1196 3981 1265 4048 post

163 4120 368 4157 -p———a—nss'·

191 4231 227 4368 p)
244 4228 309 4354 Μ’
329 4230 370 4283 ·l·
387 4229 464 4354 {esde
484 4229 583 4286 mend.
597 4237 679 4303 temp.
697 4245 758 4301 pag.
777 4227 838 4283 152.
873 4223 968 4276 Peter.
985 4217 1013 4271 b.
1031 4217 1057 4271 2
1075 4235 1098 4271 a.
1115 4220 1159 4273 60.
