2944 4896
457 347 657 414 cffltolttel
682 314 911 455 rhamnis.
1178 349 1250 425 1as

145 509 242 570 zantii
265 509 448 591 Episcopum
486 514 692 574 constituerat.
743 512 878 575 Andreas
913 515 1026 595 quippe
1054 517 1085 574 in
1121 515 1249 578 Pontum

145 596 317 677 trajiciens,
353 598 505 677 Byzantiis
535 598 686 660 Christum
718 601 894 661 annuntiare
931 599 1077 664 decrevit.
1124 601 1163 681 ‘ii
1181 623 1250 673 cum

144 703 179 742 ea
206 693 235 742 te
291 690 384 755 estate
411 684 463 743 vir
487 684 595 762 insigni
627 685 807 746 crudelitate
832 684 1006 765 Zeuxippus
1035 676 1250 749 locuni'illum

144 777 208 828 tum
237 703 380 845 tridges-et,
413 778 565 848 quotquot
599 790 638 832 ex
677 771 801 832 advenis
833 769 1011 850 Byzantium
1049 771 1249 853 appellebant,

145 854 323 934 priusquam
345 854 590 932 ingrederentur,
613 876 651 914 an
674 855 826 917 Christum
849 857 984 917 colerent
1004 857 1149 934 rogabat,
1173 878 1249 940 per-

144 940 236 999 misso
269 948 374 1019 postea
404 940 430 998 si
459 950 603 1018 negarent
633 940 716 1001 urbis
743 943 888 1019 ingressu.
933 942 965 1001 si
991 959 1066 1001 vero
1094 940 1247 1005 Christum

146 1025 294 1104 quispiam
318 1023 512 1084 confiteretur
525 1070 534 1100 ,
567 1027 722 1087 confestim
746 1029 777 1088 in
800 1026 920 1086 vincula
943 1025 1184 1106 conjiciebatur,
1210 1049 1248 1089 ac

145 1108 254 1170 deinde
281 1109 407 1192 pedibus
434 1110 632 1190 manibusque
658 1112 757 1190 ligatis
780 1111 812 1170 in
841 1133 922 1173 mare
943 1112 1139 1192 praecipitari
1159 1112 1248 1193 juba-

144 1194 243 1255 batur.
289 1195 356 1269 Qua
387 1195 506 1274 quidem
536 1197 639 1255 audita
669 1196 865 1274 crudelitate,
903 1197 1081 1277 Byzantium
1110 1208 1245 1278 praeter·
1326 1246 1329 1253 .

144 1281 287 1359 navigans
309 1279 458 1360 Andreas,
480 1281 567 1341 inea
588 1280 733 1343 Thraciae
755 1293 858 1362 parte,
889 1303 968 1362 quae
989 1284 1135 1363 Byzantio
1157 1282 1248 1364 adja-

146 1375 210 1442 cet,
248 1367 348 1425 stadio
371 1366 491 1425 circiter
512 1386 574 1425 uno
597 1366 633 1426 ab
657 1368 858 1447 Argyropoli,
888 1389 943 1448 par
963 1368 1117 1429 biennium
1138 1370 1249 1430 consti·

145 1452 197 1528 tit,
229 1462 335 1512 coacto
362 1451 427 1519 illic
453 1451 526 1528 legis
556 1472 591 1511 ao
623 1453 759 1513 veritatis
788 1454 950 1515 amantium
972 1451 1127 1515 hominum
1148 1464 1247 1518 coetu.

146 1537 269 1598 Duobus
289 1537 383 1615 igitur
403 1535 526 1597 circiter
552 1537 685 1599 millibus
711 1539 754 1599 ibi
776 1539 933 1615 collectis,
964 1550 1124 1621 erectoque
1146 1541 1246 1621 Argy-

144 1624 244 1703 ropuli
267 1623 387 1682 Christo
410 1623 515 1697 altari,
540 1644 576 1682 ac
597 1624 710 1704 Stachy
731 1626 895 1686 constituto
917 1624 1088 1705 Episcopo,
1114 1626 1247 1706 Sinopen

143 1710 232 1769 Ponti
259 1708 403 1789 perrexit.
444 1708 569 1768 Exactis
599 1719 696 1770 autem
720 1731 736 1768 a
759 1709 872 1790 Stacby
898 1709 932 1767 in
953 1710 1138 1790 Episcopatu
1160 1712 1246 1771 anuis

143 1794 287 1869 sedecim,
309 1795 336 1854 ei
357 1793 502 1854 successit
522 1794 698 1869 Onesimus,
721 1795 807 1874 cujus
828 1793 964 1855 meminit
984 1794 1095 1854 Paulus
1111 1795 1247 1874 Aposto.

142 1882 190 1941 lus
215 1881 246 1940 iu
268 1879 404 1960 Epistola
426 1879 466 1939 ad
488 1878 708 1957 Philemonem,
747 1901 876 1960 cumque
898 1900 935 1939 eo
956 1888 1033 1940 esset
1054 1881 1175 1940 functus
1196 1881 1245 1940 ol-

140 1966 211 2027 iicio
233 1986 290 2047 per
311 1985 404 2025 anuos
427 1965 677 2044 quatuordecim,
712 1980 782 2025 cum
806 1966 860 2026 illo
890 1964 1075 2044 Polycarpus
1105 1965 1244 2046 Byzantii

140 2052 310 2133 Episcopus
329 2048 493 2110 tiieunium
516 2051 724 2112 constituitur:
746 2071 809 2131 quo
829 2059 899 2133 post
921 2049 1022 2110 decem
1045 2058 1075 2110 et
1096 2059 1166 2111 octo
1187 2052 1244 2110 an-

142 2158 198 2199 nos
220 2141 373 2211 extincto,
400 2135 614 2216 Episcopatum
637 2137 763 2217 adeptus
785 2145 829 2197 est
851 2136 1054 2213 Plutarchus,
1083 2136 1134 2196 cui
1158 2137 1244 2198 annis

141 2220 271 2291 sedecim
292 2221 448 2303 peractis,
478 2220 625 2282 Sedecion
646 2241 802 2282 successor
822 2219 1038 2298 substituitur,
1071 2241 1128 2300 per
1149 2243 1245 2283 annos

141 2308 367 2371 novemdecim:
394 2301 582 2388 postquem
617 2307 763 2386 Diogenes
792 2327 870 2365 auno
903 2305 1098 2365 Pontificatus
1125 2305 1245 2366 decimo

143 2395 249 2475 quinto
270 2394 364 2454 vitam
386 2392 486 2470 exuit;
507 2400 579 2473 post
599 2391 701 2469 huno,
731 2390 831 2450 sedem
853 2390 1063 2469 Episcopalem
1086 2389 1245 2452 obtinuere

140 2479 333 2541 Eleutherius
354 2499 411 2561 per
433 2476 564 2557 septem,
585 2477 673 2538 Felix
685 2476 798 2537 'deinde
812 2496 868 2557 per
884 2475 1035 2554 quinque,
1058 2495 1092 2534 ac
1115 2475 1246 2554 denique

141 2567 331 2647 Poly'carpus
358 2585 416 2645 per
436 2583 529 2623 annos
558 2561 712 2624 tredecim.
757 2561 873 2622 Horum
895 2576 1023 2640 corpora
1043 2560 1075 2620 in
1096 2561 1246 2641 sepulcris

140 2651 268 2733 lapideis
288 2649 340 2710 hic
361 2648 626 2723 reconditarum,
648 2658 685 2710 ut
706 2657 738 2709 et
757 2647 892 2707 Nataliae
914 2665 1043 2726 corpus,
1065 2654 1096 2709 et
1118 2645 1246 2707 Adriani

141 2739 195 2819 qui
216 2747 320 2818 postea
340 2734 520 2815 Martyrium
548 2733 650 2796 subiit.
676 2734 728 2794 ‘Iu
751 2733 811 2794 aiio
833 2752 907 2794 vero
937 2731 1108 2792 conditorio
1130 2733 1244 2792 tumul-

140 2822 237 2885 tuarie
258 2831 324 2881 tum
346 2822 441 2896 facto,
454 2818 608 2880 tredecim
630 2816 962 2900 Martyrumreliquiae
985 2816 1139 2898 depositae
1160 2826 1245 2877 sunt:

140 2909 172 2970 in
194 2929 263 2969 arca
285 2916 386 2968 autem
407 2903 549 2986 plumbea
571 2905 653 2965 solus
683 2896 918 2984 depositu‘s'est
942 2902 1090 2963 hadrianus
1111 2902 1245 2973 Nataliae

140 2995 206 3074 vir,
234 3013 311 3073 quae
343 2991 464 3073 quidem
493 2992 632 3070 sepulcra
660 2990 758 3052 omnia
786 3008 884 3070 usque
910 2987 948 3047 ad
975 2987 1087 3051 haecce
1107 2996 1245 3067 tempora
1282 3003 1285 3013 “
1312 3000 1316 3008 “

140 3089 282 3162 prostant
304 3079 337 3137 in
358 3076 553 3137 subterraneo
575 3086 686 3154 antro,
720 3076 753 3135 in
781 3094 841 3155 quo
871 3074 965 3132 altare
988 3074 1085 3133 erexit
1111 3073 1243 3135 Andreas

140 3165 316 3248 Apostolus.
358 3161 518 3223 Enimvero
547 3182 650 3221 eorum
674 3161 727 3242 qui
754 3160 786 3219 in
816 3159 968 3221 Christum
990 3158 1134 3233 credunt,
1171 3160 1246 3237 plu-

139 3252 217 3313 rimo
248 3258 355 3309 coacto
385 3256 491 3321 coetu,
521 3255 695 3325 cessataque
715 3254 784 3325 post
804 3245 951 3324 Zeuxippi
973 3244 1086 3304 obitum
1107 3244 1245 3322 Byzantii

139 3334 320 3418 tyrannide,
355 3353 425 3394 cum
446 3331 499 3411 qui
522 3333 704 3412 Argyropoli
728 3330 877 3390 Ecclesiae
898 3338 1058 3409 praeerant
1079 3328 1245 3389 multorum

138 3425 277 3484 locorum
299 3429 396 3481 essent
419 3427 590 3497 compotes,
613 3427 643 3476 et
666 3415 830 3476 Gentilium
852 3434 888 3473 ac
908 3412 1088 3473 ludaeorum
1111 3413 1245 3492 impres-

139 3510 237 3569 sionas
260 3507 401 3584 defugere
423 3512 611 3580 satagerent,
631 3510 663 3561 in
684 3500 907 3563 mediterraneis
920 3496 1014 3577 *juxta
1030 3497 1244 3577 Argyropoiim

139 3595 228 3654 aliam
250 3592 412 3654 erexerunt
434 3589 618 3664 Ecclesiam,
652 3606 739 3665 quam
760 3594 867 3664 postea
889 3583 1100 3643 Constantinus
1122 3582 1245 3661 Magnus

58 3734 61 3741 .
113 3680 324 3761 -Imperator,
349 3678 383 3736 in
404 3675 505 3735 crucis
525 3673 650 3752 liguram
673 3670 837 3732 conlectam
862 3669 1041 3748 ampliorem
1063 3667 1150 3741 fecit,
1173 3688 1243 3728 cum

139 3765 171 3824 in
191 3765 252 3826 hac
274 3782 386 3843 corpus
408 3781 495 3821 auum
515 3758 742 3820 recondendum
765 3755 957 3816 decrevisset.
990 3753 1103 3814 Verum
1124 3754 1242 3832 Byzan·

139 3851 184 3911 tio
215 3851 358 3930 majorem
384 3845 615 3926 mnplitudinem
645 3853 757 3920 nacto,
792 3842 849 3920 qui
873 3841 1067 3901 Constantino
1095 3838 1244 3898 adhaere·

139 3936 228 4007 bant,
251 3937 469 4016 Imperatorum
492 3950 621 4011 corpora
645 3939 729 3992 extra
752 3926 857 3987 urbem
886 3925 1005 3986 minime
1027 3944 1090 3984 esse
1111 3922 1243 3983 transfe-

141 4022 233 4082 renda
259 4020 421 4099 subjecere.
463 4015 551 4076 Unde
572 4017 659 4076 locus
690 4015 766 4074 alius
796 4012 835 4072 ad
865 4012 1083 4090 Imperatorum
1105 4008 1242 4088 sepulcra

140 4116 244 4187 postea
265 4106 401 4167 delectus
423 4111 476 4165 est.
520 4102 653 4163 Ecclesia
675 4110 773 4159 autem
796 4098 847 4157 illa
870 4096 999 4169 fortibus
1020 4094 1099 4168 illis,
1127 4115 1162 4152 ac
1183 4091 1243 4171 piis

141 4193 173 4252 in
200 4193 267 4273 lege
295 4199 410 4271 septem
438 4187 541 4270 pueris
577 4197 606 4248 et
633 4184 777 4249 Eleazaro
807 4180 946 4245 Pontifici
974 4179 1115 4258 deinceps
1143 4175 1243 4238 dicata
