2992 4894
256 341 305 412 38
663 328 973 398 PRAEFATIO.

253 514 353 567 num
372 512 504 581 tautum,
526 503 682 584 mysticam
697 503 778 563 illam
791 512 905 581 tamen,
927 522 1051 566 coenam
1063 504 1246 583 comedisse,
1272 514 1364 586 atque

254 613 294 653 ex
309 612 343 651 ea
359 589 515 669 discipulis
535 611 641 671 panem
658 599 688 651 et
705 590 830 649 calicem
849 591 1136 672 porrexisse,¹quae
1159 593 1218 651 fnit
1234 593 1364 651 nonnul-

253 673 355 738 lornm
376 696 413 735 ex
441 678 492 740 SS.
515 677 650 736 Patribus
684 674 843 735 sententia:
877 679 1010 755 tametsi,
1045 677 1145 758 inquit
1175 675 1362 757 Photinsll,

252 763 336 839 toan.
362 760 594 840 Chrysostomus
614 771 644 822 ct
657 761 792 821 Ecclesia
811 760 975 839 legitimum
990 762 1104 822 Pascha
1124 763 1286 844 perfecisse
1301 762 1365 823 do-

255 857 356 924 ceant,
383 856 542 929 antequam
555 848 711 926 mysticam
724 846 895 908 institueret
908 867 1042 912 coenam.
1085 850 1174 909 Prior
1187 849 1363 927 Anonymus

255 932 487 1014 disputationem
508 930 695 1017 potissimum
715 933 848 993 instituit
868 943 973 994 contra
992 933 1136 1009 Iudaeos,
1164 953 1283 1013 unaque
1299 953 1383 993 seu„

256 1020 364 1080 tientes
387 1018 573 1087 haereticos,
595 1029 626 1079 et
647 1018 946 1096 Quartadecimanos,
968 1020 1021 1099 qui
1039 1020 1138 1101 primo
1156 1020 1366 1079 Hebraeorum

256 1126 358 1165 mense
375 1106 518 1163 Sanctum
543 1103 694 1164 Paschatis
714 1106 834 1164 Festum
855 1125 917 1164 non
937 1105 1136 1166 celebrabant.
1180 1106 1265 1165 Alter
1284 1104 1366 1164 idem

256 1192 350 1252 ferme
373 1191 457 1268 quod
474 1188 624 1250 Paschalis
648 1191 745 1250 nostri
768 1191 900 1270 scriptor
922 1202 1128 1271 argumentum
1150 1191 1365 1271 prosequitur:

167 1290 176 1309 ¹
257 1296 327 1337 nam
342 1276 379 1335 dc
391 1277 530 1335 Bissexto
546 1286 575 1336 et
589 1294 689 1336 meme
706 1276 892 1353 intercalari,
914 1277 1052 1356 Solisque
1067 1298 1103 1337 ac
1118 1278 1219 1337 Lunae
1234 1275 1365 1356 Epactis,

258 1372 288 1423 et
304 1361 628 1422 Decemnovennalibus
647 1363 763 1441 cyclis,
785 1361 873 1421 etde
893 1363 1009 1423 ratione
1033 1382 1068 1423 ac
1088 1361 1232 1423 methodo
1254 1361 1367 1421 haecce

255 1448 471 1528 investigandi,
493 1448 607 1525 singula
632 1447 829 1523 excutiendo,
861 1447 995 1508 dilucide
1010 1448 1112 1509 tradit.
1157 1440 1200 1509 Di
1215 1446 1368 1507 mensibus

256 1532 381 1613 perinde
395 1542 425 1593 et
447 1534 624 1608 Neomenia‚
646 1542 676 1592 et
687 1532 891 1610 hebdomade,
913 1534 1039 1614 ejusque
1059 1534 1180 1610 diebus,
1201 1543 1232 1592 et
1244 1533 1368 1611 quinam

258 1619 428 1678 Circulares
450 1618 521 1677 anni
543 1619 752 1700 appellantur,
782 1619 894 1697 quique
918 1620 1114 1679 Embolimaei
1139 1639 1193 1679 seu
1216 1617 1368 1695 interjecti

258 1705 342 1781 enni,
364 1704 514 1783 disquirit.
540 1705 580 1763 lle
598 1706 750 1764 curriculo
764 1713 919 1785 praeterea
934 1707 1012 1765 Solis
1029 1704 1270 1764 octodecennalis
1283 1702 1369 1782 eycti

258 1789 335 1868 agit,
360 1799 391 1850 et
404 1790 684 1850 decemnovennalis
696 1793 812 1865 Lunae,
833 1799 865 1849 et
877 1790 1101 1881 dpcimaquerta
1112 1789 1253 1872 ejusdem.
1289 1790 1370 1847 Rur-

259 1892 325 1933 sum
340 1876 378 1935 de
394 1875 544 1936 mensibus
554 1876 711 1951 lunaribus
725 1884 754 1935 et
768 1876 930 1953 solaribus,
954 1887 983 1936 et
998 1877 1157 1936 Neomenia
1174 1874 1285 1935 mensis
1299 1890 1371 1932 cum

257 1961 390 2037 lunaris,
411 1971 477 2020 tum
501 1962 619 2037 solaris,
641 1963 694 2041 qui
712 1961 814 2022 lunari
834 1962 873 2020 sit
888 1983 960 2042 par,
983 1962 1080 2041 deque
1103 1981 1203 2021 mense
1220 1957 1372 2039 aequabili

258 2045 377 2122 Lunae,
399 2055 430 2104 et
450 2066 552 2106 meuse
572 2059 697 2107 exacto:
728 2047 765 2105 de
788 2064 932 2106 annorum
956 2047 1086 2127 deniqne
1101 2045 1206 2106 meandi
1221 2054 1371 2125 supputa·

165 2120 242 2177 ¹³2⁶
258 2132 340 2190 tione
354 2131 448 2190 molta
467 2133 617 2209 congerit,
638 2134 670 2193 in
689 2150 750 2211 quo
767 2131 888 2210 quidem
911 2133 1008 2207 libro,
1032 2148 1121 2212 quem
1145 2140 1250 2191 auctor
1269 2130 1373 2188 Theo·

259 2216 335 2275 doro
351 2217 473 2276 cuidam
483 2218 648 2299 inscripsit,
669 2218 797 2298 simplici
811 2217 943 2278 dictione
960 2220 1099 2298 styloque
1117 2217 1372 2297 apertissimoex-

258 2310 359 2384 arato,
381 2300 588 2365 Metrodorum
605 2323 695 2387 saepo
709 2301 919 2386 reprehendit,
947 2315 983 2364 ut
997 2313 1125 2377 testatur
1140 2303 1222 2363 idem
1235 2300 1371 2362 Photius.

93 2506 262 2569 DePaschslt
346 2507 458 2567 XXXI.
501 2507 669 2588 Scripserat
700 2518 801 2569 autem
831 2506 1022 2568 Metrodorus
1057 2505 1375 2570 decemnovennalium

94 2577 249 2675 Μθῑῐθξῐθῐῑ·
263 2590 417 2670 cyclorum
432 2591 538 2670 viginti
557 2603 624 2653 octo
639 2593 670 2652 in
684 2595 817 2674 seipsum
836 2595 1054 2654 recurrentium
1066 2604 1257 2676 computum,
1280 2594 1374 2653 ducto

260 2696 277 2733 a
293 2676 478 2736 Diocletiano
495 2677 637 2739 exordio:
658 2679 767 2758 inquo
786 2679 1015 2759 quingentorum
1032 2681 1153 2759 triginta
1168 2681 1259 2739 trium
1270 2697 1375 2737 anuo-

259 2761 405 2821 rumdies
423 2763 525 2822 Festos
540 2764 670 2843 colligit,
693 2764 785 2844 idque
807 2775 953 2845 quantum
974 2765 1112 2845 videtur,
1135 2765 1303 2837 seeundum
1324 2784 1375 2822 ao-

263 2856 397 2905 curatam
411 2847 509 2925 illam,
532 2869 622 2928 quam
644 2860 773 2926 vocant,
794 2850 1084 2923 Quartae-decimae
1100 2852 1200 2910 Lunae
1214 2859 1374 2929 computa-

262 2930 385 2993 tionem.
431 2934 477 2993 Ex
502 2934 567 2994 istis
583 2935 678 3015 igitur
693 2935 845 2995 Photianis
862 2937 1002 3015 colligere
1018 2938 1123 2996 saltem
1136 2930 1241 3015 lice'at,
1263 2956 1297 2995 ea
1313 2955 1375 3013 qua

199 3046 205 3057 ·
262 3016 425 3095 scriptores
446 3017 499 3076 isti
520 3016 557 3079 de
585 3021 728 3081 Paschate
748 3023 977 3082 commentarios
1000 3021 1160 3082 ediderunt
1186 3029 1374 3100 tempestate,

262 3101 360 3159 varias
376 3101 422 3161 de.
433 3101 527 3165 hacce
545 3106 707 3168 festivitate
734 3117 814 3166 ortas
829 3109 1014 3191 agitatusque
1031 3108 1122 3166 luisse
1140 3110 1327 3186 quaestiones
1345 3112 1375 3164 et

264 3187 502 3265 controversias,
540 3211 617 3269 quae
640 3191 748 3251 harum
770 3192 931 3273 scriptioni
959 3193 1148 3253 occasionem
1169 3189 1377 3272 praebuerint,

262 3279 326 3330 tum
341 3269 379 3331 de
394 3292 487 3332 coena
505 3275 624 3335 Domini
638 3298 706 3338 xm.
725 3278 843 3351 Lunae,
867 3288 933 3338 tum
949 3280 1036 3341 etiam
1052 3278 1088 3337 de
1102 3287 1233 3356 utroque
1246 3273 1376 3334 Pascha·

259 3365 308 3431 te,
341 3359 443 3437 typico
466 3371 495 3419 et
519 3360 706 3440 Christiano,
734 3384 807 3443 quas
829 3364 852 3423 ii
872 3364 958 3424 varia
979 3363 1123 3423 methodo
1148 3360 1376 3444 pertractarint,

262 3449 353 3520 atque
375 3444 405 3502 in
428 3442 475 3502 his
500 3457 666 3528 postremus
695 3449 747 3508 ille
768 3447 957 3528 Anonymus,
994 3450 1046 3528 qui
1066 3448 1146 3508 idern
1169 3457 1376 3526 argumentum

262 3525 345 3604 quod
363 3538 470 3587 auctor
485 3532 635 3593 Paschalis
653 3533 793 3595 Chronici
809 3535 889 3614 quod
912 3535 1044 3611 edimus,
1067 3534 1156 3594 simili
1177 3532 1303 3614 perinde
1323 3553 1377 3590 ra-

261 3612 344 3670 tione
361 3622 406 3672 est
420 3629 614 3695 persecutus,
644 3628 813 3700 temporum
831 3642 846 3678 a
865 3619 979 3682 mundo
1003 3620 1123 3680 condito
1141 3617 1378 3699 computatione,

261 3696 413 3776 rebusque
439 3700 566 3778 proinde
590 3705 655 3764 aliis
682 3704 910 3784 chronologicis
937 3727 998 3764 non
1019 3705 1147 3768 omissis.
1204 3703 1380 3778 Quinetiam
1485 3744 1486 3747 =

174 3796 181 3809 ‘
264 3791 361 3840 aetate
386 3783 567 3865 Metrodori,
596 3789 682 3869 cujus
703 3792 837 3850 meminit
857 3790 997 3866 Photius,
1030 3791 1149 3869 cyclum
1170 3788 1380 3848 Victoriacum

241 3950 244 3955 Ι
262 3886 386 3927 uxxxn.
401 3889 547 3931 annorum
563 3876 642 3954 apud
652 3877 819 3936 orientales
833 3887 989 3954 utcunque
1003 3877 1168 3935 obtinuisse
1179 3874 1250 3934 iude
1263 3873 1379 3952 pariter

263 3950 421 4013 advertere
442 3966 502 4016 est:
532 3980 621 4037 quem
642 3961 714 4019 alias
738 3971 875 4021 secutum
896 3971 1048 4020 auctorem
1061 3959 1213 4021 Pasclsalis
1233 3957 1379 4017 Chronici
1484 3958 1486 4049 l

263 4056 355 4115 supra
373 4042 551 4102 monuimus.
595 4045 661 4105 Hoc
684 4067 776 4125 porro
795 4046 960 4107 Metrodori
983 4047 1101 4107 nornine
1123 4046 1239 4124 aliquot
1254 4041 1306 4102 alii
1323 4062 1381 4102 oc-
1485 4102 1486 4125 ,

298 4289 328 4360 ¹)
348 4290 417 4344 Vide
433 4293 521 4349 Praet.
546 4296 682 4363 tinctoris,
718 4307 746 4354 et
770 4300 919 4357 casauboni
943 4301 1088 4356 Exercitat.
1113 4299 1141 4354 iu
1157 4299 1250 4353 Batou.
1268 4313 1296 4368 p.
1313 4294 1380 4353 461.

332 4360 444 4414 Cedren.
462 4381 487 4433 p.
507 4366 566 4420 175.
585 4376 613 4420 et
628 4367 740 4436 Glyeom
757 4389 783 4442 p.
800 4373 862 4428 215.
