2996 4898
329 422 336 439 .
406 306 725 417 nonnomcon
749 348 966 416 rasorum.
1175 346 1251 422 485
1328 292 1330 297 ,

90 578 94 589 ¹
140 526 198 569 ros
221 506 720 596 ConstantinopoL'Theophanea,
735 519 781 591 et
807 515 923 593 aliquot
944 513 995 575 alii
1017 513 1141 574 Ρτίααιῳ
1162 516 1251 576 etiam

141 606 275 672 vocant,
309 619 399 683 quem
428 599 536 659 caeteri
562 599 708 680 Crispum.
750 598 827 659 Vide
853 600 957 660 Famil.
978 599 1104 679 August.
1125 600 1251 679 Byzant.

141 676 174 737 in
201 680 304 760 Foca,
334 685 420 763 cnjus
448 684 500 743 ille
526 683 618 743 filiam
647 684 834 744 Dementiam
861 706 984 745 uxorem
1006 685 1146 762 duxerat.
1190 686 1252 747 Cur

143 772 246 826 autem
270 768 411 850 Crispus,
432 789 486 829 seu
507 769 643 846 Priscus,
673 769 809 831 Clericus
830 771 928 830 sactus
952 770 1007 847 sit,
1034 770 1253 850 praecaeteris

140 862 248 911 narret
270 853 351 914 idem
371 852 579 934 Nicephorua,
608 853 660 934 qui
681 854 752 914 inde
772 849 918 934 πάππαν,
947 854 1030 936 quod
1053 854 1132 914 idem
1161 855 1251 930 valet,

33 1018 36 1025 ῃ
141 933 181 992 ab
202 935 348 998 Heraclio
371 940 584 1019 compellatum
606 938 727 1000 scribit:
751 960 840 1020 qnam
863 961 969 1001 vocem
993 959 1048 1020 per
1064 960 1163 1018 pareas
1183 961 1251 1021 per-

140 1036 247 1096 peram
270 1023 408 1085 reddidit
428 1024 565 1084 eruditus
586 1023 747 1103 interpres.
789 1024 1008 1105 ANicephoro
1031 1044 1107 1105 qnae
1124 1024 1163 1084 de
1185 1026 1251 1084 Cri-

139 1122 197 1244 ppo
225 1119 333 1170 narrat
361 1109 522 1190 exscripsit
546 1101 699 1187 ¹Zonaras,
731 1131 748 1169 a
776 1131 839 1190 qno
868 1113 957 1172 etiam
986 1110 1110 1193 Crispus
1139 1112 1250 1190 appel-

153 1197 233 1254 atur.
585 1212 588 1223 ’
1113 1202 1118 1208 “

133 1317 149 1335 ν
229 1278 304 1357 Pag·
324 1283 399 1344 703.
423 1284 472 1344 10Ι
521 1273 677 1360 ΟΚόμης
697 1283 759 1341 τῶν
780 1274 1032 1362 Εξκοαβττόρωα]
1062 1279 1108 1338 lta
1130 1277 1197 1337 alii:
1220 1287 1251 1337 st

142 1357 296 1442 Georgius
324 1363 490 1423 Monachus
519 1363 550 1422 in
578 1363 687 1427 Chrou.
711 1365 770 1425 MS.
792 1366 834 1424 ait
861 1366 970 1424 Focam
994 1364 1194 1423 Dementziam
1217 1363 1252 1421 fi·

140 1440 213 1506 liam
244 1450 403 1529 copulasse
437 1450 563 1534 Πρίσκῳ
597 1452 641 1535 rgo*
669 1452 827 1536 Πατρικίῳ
855 1444 975 1530 Κόμηττ
1001 1453 1064 1511 τῶν
1092 1449 1248 1529 Μαρίνης.

140 1527 199 1589 Ubi
224 1534 316 1594 Οατιττ
335 1534 415 1594 idem
437 1536 518 1594 valet
540 1555 575 1594 ac
595 1537 741 1611 Curetes,
768 1535 920 1615 quomodo
941 1533 1176 1613 indigitabantur
1199 1535 1251 1613 qui

139 1610 190 1672 isti
213 1617 349 1680 Marinae
370 1619 455 1697 aedi,
485 1621 517 1679 in
545 1640 603 1699 qua
634 1619 866 1680 asservabantur
886 1619 1031 1680 Thesauri
1053 1619 1251 1700 Imperatorii,

139 1715 321 1777 praeeranta
361 1726 438 1784 quos
475 1704 594 1782 quidem
625 1706 785 1765 Curatores
814 1701 966 1790 Λογισταίς
996 1714 1088 1765 vocat
1114 1707 1179 1764 Lex
1204 1725 1250 1773 ττι.

139 1782 215 1845 Cod.
239 1791 278 1850 de
299 1789 391 1849 Modo
414 1789 534 1853 multer.
578 1790 656 1853 Vide
683 1789 975 1870 Constantinopolim
1006 1788 1116 1848 Christ.
1139 1789 1192 1851 lib.
1215 1810 1250 1849 ιι.

140 1880 215 1936 sect.
238 1895 294 1937 vn.
321 1895 408 1936 n.11.
440 1876 571 1934 Priscum
599 1884 698 1935 autem
728 1895 781 1935 seu
806 1875 945 1955 Crispum
970 1874 1114 1935 Comitem
1142 1875 1250 1933 Excu-

138 1951 277 2033 bitorum
306 1960 425 2019 dixerat
452 1960 548 2019 Fucaa
579 1980 701 2019 annor.
727 1960 865 2040 Imperiis
894 1959 1034 2038 generum
1058 1979 1131 2019 vero
1159 1980 1188 2018 v.
1215 1969 1252 2017 ut

140 2051 186 2100 eat
209 2045 294 2125 apud
315 2043 538 2129 Theophanem.
583 2047 653 2105 Post
674 2066 778 2107 necem
802 2044 913 2105 deinde
935 2046 1049 2121 Focae,
1082 2048 1137 2126 τῆς
1165 2044 1289 2106 Kese-v
1311 2045 1365 2106 554
1455 2078 1458 2086 ·

140 2129 292 2270 ffiodoslee
320 2127 482 2215 στρατηγὸν
511 2130 583 2191 lecit
609 2128 783 2203 Heraclius,
817 2141 854 2191 ut
880 2141 926 2190 est
952 2130 986 2191 in
1008 2129 1114 2192 eodem
1136 2128 1248 2191 Chron.

227 2301 321 2382 [pag.
343 2306 415 2367 703.
440 2307 488 2367 11.
532 2295 650 2383 edroi]
673 2300 795 2379 Corrige
815 2320 947 2360 errorem
969 2309 1033 2380 typ.
1055 2294 1176 2380 edred]

228 2388 301 2446 lbid.
347 2381 484 2467 Νικήτας
517 2387 721 2473 Πατρίκιοςί
737 2386 866 2446 Consule
893 2385 997 2445 Famil.
1027 2383 1099 2463 Aug.
1126 2384 1250 2465 Byzant.

140 2461 172 2524 in
195 2468 300 2531 Famil.
323 2471 453 2532 Heraclii
475 2473 531 2533 snb
552 2472 604 2532 fin.
757 2477 764 2488 ‘
1255 2540 1256 2547 ρ

229 2557 304 2633 Pag·
324 2561 397 2621 703.
421 2559 470 2623 15.
514 2563 580 2639 Τῆς
615 2555 806 2639 Βαστλτκῆς]
833 2553 1102 2636 4(ἀατίαηίίιιοῳοί.
1137 2550 1247 2613 Christ.

141 2634 196 2699 lib.
215 2663 251 2701 ιτ.
274 2650 347 2703 sect.
370 2663 413 2708 rx.
435 2661 466 2702 u.
488 2664 510 2702 1.
759 2640 762 2651 “
1169 2680 1170 2683 =
1232 2642 1236 2655 ’

230 2726 304 2804 Pag·
324 2731 409 2802 703„
422 2731 470 2792 17.
516 2722 621 2812 Τούτῳ
643 2729 686 2811 τῳ
708 2723 785 2805 ires]
816 2722 927 2784 Scribit
959 2721 1157 2803 Theophanes
1185 2721 1250 2781 He·
1274 2798 1276 2805 .
1393 2777 1395 2780 ⁴

141 2809 270 2871 raclium
298 2812 524 2877 Constantinum
552 2821 726 2874 coronatum
755 2812 970 2892 Imperatorem
990 2830 1008 2867 a
1029 2808 1132 2887 Sergio
1154 2807 1251 2867 Patri·

142 2892 236 2954 archa
258 2915 333 2954 xxv.
355 2900 528 2960 Decembris
551 2899 615 2976 die,
642 2896 751 2958 Indict
774 2917 795 2955 1.
821 2895 881 2955 hoo
904 2904 1048 2955 esterno
1065 2914 1159 2954 nexu.
1182 2893 1252 2953 vul·

95 3006 98 3011 ·
143 2978 217 3054 gari.
270 2979 331 3038 Nec
360 2983 479 3043 abludit
504 2984 693 3065 Nicephorua
722 2982 755 3043 in
783 2980 958 3058 Breviorio,
998 2979 1050 3040 ubi
1077 2979 1250 3040 Heraclium

144 3061 375 3124 Constantinum
398 3062 570 3148 (ὃταίναμος
590 3067 646 3152 yolp
667 3061 824 3148 ἐτύγχανε,
845 3067 945 3145 inquit
965 3065 1036 3143 ille)
1059 3066 1158 3125 statim
1180 3075 1251 3144 post

143 3145 332 3228 Baptismum
356 3171 372 3208 a
394 3160 480 3233 patre
506 3172 616 3212 corona
644 3151 806 3229 donatum,
839 3161 870 3211 et
892 3153 1106 3230 Imperatorem
1130 3151 1251 3228 procla·

144 3243 259 3294 matum
281 3233 396 3314 scribit,
417 3238 535 3297 tametsi
554 3257 618 3296 vox
639 3228 757 3312 αὐτίκα,
780 3254 841 3314 qua
861 3234 968 3310 utitur,
991 3254 1053 3293 non
1076 3234 1155 3293 obsit
1176 3235 1250 3311 quin

145 3337 226 3379 anno
249 3320 320 3399 deip
340 3321 480 3401 proximo
507 3330 671 3381 coronatus
697 3319 890 3398 intelligetur.
933 3318 1038 3379 Potior
1069 3320 1147 3378 enim
1175 3318 1250 3378 fides
1324 3350 1329 3359 ·

144 3403 268 3465 videtur
293 3406 390 3466 danda
420 3407 568 3489 scriptori
598 3404 756 3491 Chronici‚
786 3412 821 3464 nt
849 3403 903 3483 qui
923 3403 1063 3464 Heraclio
1085 3404 1250 3483 imperante

44 3570 47 3574 Α
144 3487 266 3553 vixerit.

230 3576 301 3654 Pag·
323 3579 396 3663 793.
419 3580 468 3643 18.
513 3573 618 3663 Ημίρῳ
639 3572 779 3662 δευτέρῳ]
803 3574 868 3634 lloc
890 3572 970 3634 enim
991 3593 1070 3634 anno
1084 3570 1172 3631 litera
1190 3572 1248 3631 Do-

144 3659 294 3720 minicalis
315 3662 373 3720 luit
394 3662 430 3721 G.
565 3680 570 3691 ¹
676 3705 680 3709 .

232 3746 303 3825 Pag-
325 3747 397 3813 704.
421 3745 470 3812 14.
515 3749 587 3808 Hie
608 3745 660 3808 καί
683 3739 889 3827 Ιεροασαίὴμ]
921 3741 1049 3802 sarbara
1074 3741 1167 3802 Duce.
1212 3740 1249 3801 ld

145 3827 177 3887 in
200 3851 311 3894 annum
331 3851 362 3892 v.
381 3830 514 3893 Heraclii
537 3831 702 3912 conjiciunt
719 3827 915 3910 Theophanes
937 3836 968 3888 et
989 3826 1151 3887 Cedrenus.
1250 3894 1253 3903 ¹

231 3917 303 3994 Pag·
324 3917 398 3983 704.
421 3915 469 3980 15.
512 3915 575 3981 Kal
596 3912 760 3995 σφάζονται
780 3912 889 3978 πολλαί
909 3907 1055 3994 χιλιάδες,
1077 3911 1154 3992 eto]
1178 3910 1248 3971 Edi-

146 3996 193 4058 dit
215 4000 407 4061 Combefisiua
428 3999 513 4062 istius
534 4002 629 4063 cladis
649 3999 939 4080 Hierosolymitanae
956 3997 1121 4059 Historiam
1144 3996 1181 4073 ab
1195 3995 1248 4054 in-

148 4096 232 4146 certo
252 4087 384 4147 Auctore
407 4086 604 4167 descriptam,
628 4087 659 4147 in
683 4108 742 4167 qua
757 4087 924 4162 ,Persarum
942 4083 1149 4146 crudelitatem
1160 4081 1192 4141 in
1204 4084 1247 4140 ci-

147 4186 199 4233 ves
218 4171 321 4232 multis
343 4171 485 4250 exagitat.
1040 4246 1042 4249 Ι
1360 4200 1362 4203 .

232 4256 305 4336 Pag-
327 4257 399 4324 704
418 4262 471 4327 20.
516 4257 577 4320 Kal
593 4259 744 4340 Ζαχαρίας
757 4255 865 4338 Hesp]
887 4254 1035 4315 lta'etiam
1049 4248 1246 4331 Theophanes
1262 4278 1264 4281 ·

150 4346 179 4396 τῑ
200 4342 360 4405 Cedrenua.
404 4342 506 4404 Edidit
536 4343 649 4424 pariter
675 4342 754 4427 idem
772 4339 973 4401 'Combelisins
999 4335 1159 4397 Zachariae
1175 4345 1247 4428 ¹tum
