2944 4896
420 290 425 299 ’
449 287 513 362 ΑΙ)
533 292 842 363 RENAUDOTUM.
1149 306 1199 378 69

92 467 178 550 qnod
195 471 331 529 annuum
346 469 420 547 luit,
445 465 554 531 Garolo
574 469 776 554 amantissimo
792 468 868 534 lilio.
909 467 973 531 llac
987 470 1196 556 conjunctissi-

92 577 159 632 ma,
184 556 422 636 jucundissima,
453 563 482 614 et
512 555 670 615 utilissima
699 557 843 615 societate
879 566 1036 618 contentus
1073 554 1197 620 centn

91 629 237 701 hactenus
267 641 307 700 de
328 640 442 721 nuptiis
461 660 522 699 non
544 641 734 718 cogitaverat.
778 640 836 702 Sed
852 649 933 720 tum,
962 662 1031 702 cum
1058 644 1087 704 ei
1107 645 1198 704 amici

91 728 254 786 suaderent
269 727 441 786 ducendam·
461 745 685 801 csseuxorem,
706 724 866 806 pluresque
884 728 911 786 ei
936 747 1095 805 generosae
1109 729 1197 809 puel·

89 809 134 870 lae
164 812 363 884 offerrentur,
399 811 545 891 praetulit
574 811 764 870 Catharinsm
790 812 909 871 Bosiam
937 814 1145 873 Drancurtiem
1160 808 1195 895 1)

89 896 425 976 splendidis-natalibus
441 897 521 976 apud
537 897 698 957 Ambianos
718 906 835 973 ortam,
858 917 982 975 eamque
1006 898 1096 959 duxit
1115 919 1193 958 annu

87 1000 288 1043 nocxxxvnr.
310 1002 375 1046 xrv.
391 984 460 1046 Kal.
476 983 612 1058 Augusti.
657 983 791 1043 Credunt
813 981 951 1062 plerique
971 983 1074 1043 obessa
1093 983 1195 1043 litera-

87 1086 153 1127 rum
169 1069 312 1128 culturae
325 1069 480 1128 vinculum
496 1067 667 1148 conjugale,
690 1087 814 1146 eamque
830 1088 893 1127 esse
914 1068 1082 1128 studiorum
1102 1070 1194 1127 retio-

87 1155 154 1212 ‘nem
168 1163 204 1214 ut
219 1154 258 1212 ab
276 1154 314 1213 iis
328 1163 443 1213 tantum
458 1163 625 1212 tractentur
645 1154 694 1233 qui
713 1152 855 1212 caelibem
877 1153 968 1213 vitam
987 1153 1120 1229 ducunt,
1142 1156 1200 1233 qni⁴

86 1238 179 1298 libero
203 1239 338 1319 lectulo,
360 1241 394 1299 ut
415 1240 521 1298 Cicero
545 1239 656 1316 aiebat,
678 1247 820 1314 utuntur,
839 1238 875 1298 id
897 1248 957 1314 est,
987 1239 1079 1299 nullis
1097 1239 1194 1319 impe-

89 1322 240 1401 dimentis,
273 1326 357 1384 nulla
379 1326 424 1384 rei
446 1325 598 1385 familiaris
617 1334 669 1383 out
687 1324 851 1382 liberorum
875 1324 1098 1384 educandorum
1120 1344 1194 1383 cura

87 1408 276 1475 distinentur.
325 1407 431 1492 Gangii
445 1420 543 1470 tamen
559 1410 667 1470 studiis
681 1408 757 1468 nihil
779 1428 880 1469 morae
904 1420 957 1469 aut
977 1409 1126 1471 tarditatis
1144 1420 1192 1469 at·

87 1494 155 1554 tulit
172 1515 273 1573 uxor,
304 1514 393 1575 quarn
421 1516 459 1555 ex
482 1496 571 1554 animi
596 1497 642 1555 sui
662 1495 807 1555 sententia
826 1493 966 1555 habuisse
983 1516 1051 1556 eum
1071 1495 1142 1555 hinc
1155 1496 1192 1554 li·

87 1589 154 1658 quet
171 1584 254 1661 quod
268 1601 326 1662 per
345 1581 561 1660 quinquaginta
583 1591 614 1641 et
637 1580 719 1660 quod
739 1580 874 1640 excurrit
897 1601 990 1641 annos
1009 1582 1191 1641 unavinere

85 1667 245 1727 concordia
260 1666 443 1729 admirabili.
486 1668 629 1745 Superest
652 1666 813 1725 etiamnum
828 1665 986 1742 singularia
1005 1664 1133 1747 exempli
1146 1667 1191 1726 la-

84 1751 160 1809 mina
184 1751 216 1812 in
246 1753 413 1823 liberorum
439 1751 605 1812 subsidium
633 1752 723 1811 simul
753 1761 783 1812 et
815 1751 965 1812 solatium.
1010 1752 1096 1811 Anno
1122 1750 1191 1810 dein

41 1852 44 1857 ’
81 1854 216 1897 nnnxuv.
233 1856 280 1900 ru.
297 1839 369 1897 ldus
384 1840 452 1898 lun.
471 1835 701 1916 Quacum-aff)
721 1836 864 1914 dignitate
880 1846 1004 1896 ornatus
1017 1837 1099 1917 apud
1112 1856 1190 1912 suos,

85 1939 145 1981 eam
169 1924 299 1983 retinuit
319 1923 415 1985 donec
433 1924 669 1983 Samarobrivam
690 1924 860 2001 relinquere
887 1922 1022 1982 decrevit
1046 1922 1084 1981 ob
1099 1923 1191 2001 pesti.

83 2004 202 2089 lentiam
224 2030 304 2088 quaa
317 2009 381 2067 illic
395 2009 595 2088 grassabatur,
608 2019 641 2068 ut
657 2007 804 2068 Lutetiam
818 2009 850 2067 in
864 2006 943 2067 hanc
956 2007 1057 2068 sedern
1071 2005 1190 2069 studio·

82 2110 148 2150 ruan
162 2112 192 2153 se
208 2115 278 2154 cum
302 2114 412 2172 unone,
433 2095 553 2170 liberis,
577 2105 607 2155 et
628 2094 723 2154 libris
736 2095 922 2154 transferret.
975 2098 1062 2153 Anno
1085 2095 1188 2171 itaque

83 2190 250 2242 uncnxvm.
276 2190 399 2260 captum
417 2181 454 2251 ab
476 2201 512 2240 eo
538 2190 582 2239 est
601 2180 759 2239 consilium
783 2179 867 2258 quod
888 2178 975 2238 nobis
997 2184 1114 2257 totique
1127 2177 1188 2255 reip·

81 2261 221 2340 publicae
242 2265 394 2325 literariae
422 2266 565 2322 maximas
596 2264 820 2323 commoditates
850 2265 960 2324 attulit.
1010 2265 1085 2322 Nam
1112 2273 1186 2330 tum,

82 2347 163 2422 quod
183 2349 215 2408 in
234 2352 299 2410 ah'is
319 2351 446 2411 urbibus
466 2350 636 2428 contingere
656 2348 768 2408 nemini
785 2356 900 2426 potest,
926 2346 1188 2428 paratumhabuit

82 2450 167 2493 omne
184 2455 281 2512 genus
299 2436 446 2496 librorum
469 2454 522 2494 seu
546 2434 819 2513 manuscriptorum
845 2452 898 2492 seu
924 2432 1010 2512 typis
1029 2433 1186 2511 editorum,

83 2535 149 2578 cum
169 2520 195 2580 ei
215 2543 320 2583 omnes
342 2520 543 2582 bibliothecae
563 2533 627 2580 tum
647 2519 784 2600 publicae
804 2528 869 2577 tum
889 2518 1024 2598 privatae
1040 2527 1186 2598 paterent,

82 2621 223 2685 nemoque
238 2618 318 2669 esset
333 2610 385 2688 qui
401 2629 460 2666 nun
474 2628 542 2666 cum
564 2608 619 2666 illo
639 2605 777 2665 lubenter
791 2604 1026 2678 communicaret
1041 2603 1186 2682 quioquid

83 2686 236 2768 eipoterat
251 2714 318 2753 esse
337 2694 527 2753 conducibile
543 2702 573 2753 et
595 2692 668 2751 utile
690 2691 732 2749 ad
747 2689 943 2770 perficiendas
956 2689 1186 2769 perpoliendas-

81 2791 137 2849 que
155 2772 379 2839 lucubrationes
400 2800 477 2839 suas.
523 2779 619 2838 Etiam
640 2776 749 2836 summi
767 2777 800 2834 in
822 2774 981 2854 republica
998 2774 1057 2835 viri
1081 2775 1108 2833 ei
1129 2775 1170 2832 im

81 2875 167 2934 pense
184 2862 345 2940 laverunt,
367 2865 442 2923 adeo
456 2863 655 2923 utaffirmare
676 2863 765 2921 liceat
777 2861 856 2921 nulli
870 2860 921 2918 alii
937 2859 1052 2919 homini
1063 2858 1184 2940 private

81 2944 214 3024 majorem
234 2949 384 3010 honorem
405 2948 544 3008 habitum
567 2950 604 3008 ab
627 2949 687 3009 illis
709 2948 811 3008 fuisse.
855 2945 968 3024 Viginti
987 2946 1071 3006 aunis
1092 2943 1184 3005 isthic

81 3029 229 3094 nobiscum
244 3034 335 3108 vixit,
360 3054 477 3115 semper
492 3033 626 3109 studens,
651 3053 770 3113 semper
784 3031 904 3110 aliquid
916 3030 1061 3096 scribens.
1104 3029 1185 3091 Hinc
1201 3006 1227 3129 ξ
1243 3009 1278 3132 ἐξ

44 3185 47 3191 ,
81 3112 210 3180 cinnami
222 3121 352 3181 historie
360 3167 369 3198 ,
391 3119 464 3179 hinc
482 3121 603 3179 annales
616 3120 737 3178 loannis
752 3120 902 3193 Zonaree,
925 3117 1089 3197 descriptio
1103 3117 1184 3175 Con-

80 3204 311 3286 stantinopoleos
329 3215 359 3266 et
378 3207 560 3265 familiarum
578 3205 827 3283 Byzantinarum,
851 3203 1003 3262 Glossaria
1026 3201 1139 3261 mediae
1153 3211 1199 3271 et,
1276 3267 1282 3276 „

79 3281 189 3347 infimas
208 3291 380 3355 Latinitatis
410 3301 441 3352 et
474 3290 666 3364 Graecitatis,
696 3298 726 3348 et
748 3287 920 3348 chronicon
947 3285 1088 3347 Paschale
1116 3286 1182 3348 sive

82 3368 325 3455 Alexandrinum
347 3377 396 3436 cui
421 3375 537 3436 edendo
564 3375 635 3435 dum
654 3373 818 3452 incumbit,
839 3371 950 3431 incidit
969 3372 1001 3430 in
1015 3370 1097 3430 hunc
1110 3390 1181 3448 gra-

80 3472 195 3519 vernae
217 3463 397 3522 diuturnum
419 3462 558 3520 morbum
582 3461 635 3540 qui
654 3459 740 3519 nobis
764 3478 832 3519 eum
857 3456 991 3518 abstulit.
1041 3457 1112 3516 Fuit
1129 3454 1180 3515 hic

80 3543 195 3604 morbus
217 3549 324 3608 urinae
353 3548 460 3608 crebra
484 3547 652 3628 cupiditas,
681 3545 736 3604 sad
756 3563 862 3621 magna
887 3540 1061 3619 difficultas,
1090 3561 1181 3622 quam

82 3623 232 3703 dysuriam
246 3638 374 3711 vocant,
396 3653 455 3712 qua
476 3632 503 3691 is
520 3633 687 3692 extinctum
709 3638 958 3709 quoquepatrem
974 3648 1062 3687 suum
1075 3627 1181 3687 memi-

79 3724 167 3777 nerat.
218 3720 260 3779 Ea
289 3730 389 3780 autem
410 3718 546 3778 laborare
567 3718 698 3798 primum
719 3715 821 3794 caepit
842 3735 884 3774 π.
909 3713 982 3773 Idus
1001 3715 1068 3773 lun.
1087 3711 1179 3792 hujus

81 3797 144 3856 tnui
158 3803 232 3863 adeo
247 3805 380 3882 graviter
393 3815 429 3863 ut
441 3825 498 3884 per
513 3804 619 3862 decem
642 3802 705 3862 dies
729 3800 888 3860 continues
907 3800 1076 3859 necessario
1100 3798 1178 3857 indi-

17 3928 18 3933 *
79 3885 171 3953 guerit
183 3909 239 3967 ope
254 3889 388 3969 chirurgi
406 3889 444 3947 ad
466 3889 685 3949 exonerandam
705 3887 836 3949 vesicam
857 3883 1093 3965 ejiciendamque
1114 3886 1177 3942 uri-

79 3982 151 4028 num·
194 3973 271 4034 Tum
285 3976 424 4037 induciae
437 3996 495 4070 per
512 3975 628 4055 aliquot
645 3993 779 4052 mpuses,
803 3971 856 4033 sed
872 3991 979 4052 parurn
994 3978 1094 4046 tutae,
1118 3989 1177 4049 pa·

80 4143 282 4167 N-

109 4252 141 4354 :l
157 4257 198 4312 Du
211 4260 263 4316 Bos
274 4259 404 4330 seigneur
421 4259 455 4312 de
466 4260 623 4314 Draucourt.

127 4325 141 4392 )
157 4329 311 4386 Thresorier
324 4330 430 4399 general
444 4329 477 4385 de
494 4331 602 4385 Freuce.
