3026 4900
266 347 343 425 me
543 362 549 373 ’
654 304 942 418 'noran
1049 412 1052 419 Α

352 515 424 596 Peg.
446 514 519 584 470.
541 517 572 583 4.
615 514 801 601 Εἰρηναῖος]
822 515 888 578 Lib.
901 536 945 579 av.
964 536 1030 598 cap.
1043 536 1090 577 m.
1112 536 1150 578 ex
1175 513 1287 577 Chaon.
1312 517 1366 578 Ea-

269 603 331 667 ssb.
347 606 385 664 'ex
398 621 458 684 quo
473 601 631 683 syncellus
644 625 674 684 p.
690 600 763 669 345.
1009 653 1016 660 .
1189 652 1191 667 ,

268 740 272 745 .
354 687 427 766 Pag.
447 688 519 756 470.
540 693 571 757 8.
616 687 679 751 Καὶ
693 686 870 767 νεανίσκος]
893 687 939 746 Ex
954 687 1104 747 Clemente
1119 685 1325 748 Alexandrino
1338 687 1368 745 in

163 827 167 833 .
265 773 318 839 lib.
337 775 384 848 τίς
404 772 423 837 6
443 768 607 855 σωζόμενος
627 772 790 849 πλούσιος,
812 781 842 835 at
863 793 902 832 ex
924 772 1043 833 Eusebii
1062 771 1139 832 Hist.
1160 773 1242 836 Eool.
1257 772 1309 833 lib.
1320 792 1367 833 111.

106 904 112 913 .
155 867 251 925 V452
269 881 335 942 cap.
358 879 450 921 mm
493 861 541 921 Ex
568 859 606 919 iia
634 858 801 920 Historiam
827 860 916 918 etiam
943 867 1048 919 narrat
1071 858 1219 936 Georgius
1239 857 1368 938 Syneell
1496 918 1497 927 ,

264 968 286 1028 Ρ
351 1028 424 1107 Pug·
446 1027 518 1095 470.
543 1033 594 1096 11.
636 1025 812 1109 Σνριανού]
844 1028 926 1089 Fasti
958 1027 1049 1088 Idatii
1072 1028 1155 1088 MSS.
1180 1029 1369 1089 Severiana

268 1116 359 1197 Syrio.
402 1114 570 1189 Victorius,
591 1115 722 1195 Prosper
737 1123 767 1174 et
782 1115 925 1189 Senator,
950 1114 1090 1174 Senecione
1104 1120 1131 1172 et
1146 1112 1232 1175 Sura.
1275 1115 1369 1194 Spar-

269 1203 368 1262 tianus
384 1199 417 1258 in
430 1199 600 1277 Hadriano,
620 1200 697 1260 Sura
711 1202 767 1275 aa,
788 1205 813 1261 el
830 1199 965 1259 Serviano
978 1204 1073 1258 iterun
1090 1198 1162 1258 Cosa.

352 1284 425 1363 Peg·
448 1285 519 1350 470.
542 1287 591 1350 13.
635 1288 793 1366 Σνροανοῦ
805 1280 840 1348 τύ
852 1279 907 1366 d]
929 1283 1003 1345 ldat
1024 1284 1169 1345 Saburmo
1181 1303 1215 1341 11.
1236 1288 1263 1341 et
1284 1281 1370 1340 Μαν-

268 1372 341 1432 cello.
383 1366 553 1447 Victorius,
575 1372 705 1449 Prosper
726 1379 756 1430 et
775 1372 916 1446 Senator,
943 1370 1054 1430 Urbano
1073 1378 1099 1430 et
1114 1368 1259 1431 Marcelle.
1303 1365 1371 1441 alii,

270 1457 394 1530 Sorano,
416 1455 467 1515 vel
484 1454 622 1532 Seriane,
642 1455 725 1516 utin
740 1455 851 1516 Chron.

353 1540 425 1617 Pug-
446 1539 520 1606 470.
545 1540 595 1605 14.
639 1535 808 1622 Δνήρκεσεν
831 1537 848 1605 ὁ
870 1534 1037 1622 orostrae]
1059 1541 1102 1601 De
1122 1540 1244 1599 loannis
1266 1539 1370 1598 Evan-

268 1626 403 1705 galiatae,
427 1625 606 1704 Clementia,
627 1626 757 1687 Simonis
774 1625 952 1703 Cananitae,
974 1626 1066 1686 Marci
1073 1671 1082 1703 ‚
1106 1624 1291 1707 Crescentis,
1314 1630 1370 1683 ete.

267 1711 435 1791 Martyris,
456 1711 657 1773 consulendus
669 1712 701 1772 in
714 1712 820 1792 primis
831 1710 987 1772 Batonius.

352 1798 424 1874 Pag·
446 1795 519 1863 470.
541 1802 592 1865 16.
634 1794 771 1882 Διωημὸς
792 1797 1001 1879 Χριστιανῶν]
1033 1796 1079 1856 Ex
1104 1794 1214 1857 Chrou.
1239 1791 1371 1867 Eusebia

266 1882 319 1943 ubi
333 1883 475 1962 Scaliger.
505 1881 582 1943 Vide
599 1893 718 1964 praeter
732 1883 895 1944 Baronium
910 1892 941 1943 et
954 1883 1038 1959 alios,
1060 1881 1211 1941 Norisium
1227 1879 1259 1938 in
1276 1878 1369 1958 Epist.

267 1969 386 2031 Cossaul.
399 1987 468 2048 pag.
481 1970 532 2036 68.
543 1977 601 2030 eto.

350 2052 422 2130 Peg.
444 2053 516 2117 471.
537 2058 567 2120 6.
612 2052 806 2138 Βουκολίων]
834 2052 936 2114 Editio
950 2051 1115 2131 scaligeri,
1136 2044 1273 2114 ύπύτών
1288 2053 1369 2130 λεγο-

265 2136 365 2218 μένων
398 2138 622 2218 Ταβονκολοών.
665 2141 725 2200 Sed
750 2139 910 2218 legendum
931 2134 969 2200 ad
989 2139 1172 2200 Βουκολίων.
1216 2134 1268 2194 Sic
1289 2134 1370 2195 enim

152 2296 159 2307 Ι
262 2223 368 2284 'dicere
389 2222 544 2301 amabant,
566 2223 650 2301 utin
672 2225 783 2286 Chron.
799 2245 848 2287 an.
864 2246 900 2289 11.
918 2222 1056 2284 Arcadii:
1078 2222 1174 2286 ἔκτισε
1192 2218 1244 2284 καὶ
1261 2215 1311 2284 τὸν
1326 2214 1370 2282 ol·

263 2331 321 2373 κον
341 2311 398 2371 τοῦ
417 2306 506 2392 οἱγίον
523 2307 661 2392 Ανύρίον
682 2310 822 2390 ἐπίκλην,
850 2306 887 2372 τοὶ
912 2309 1075 2390 Αρκαόίας.
1122 2308 1186 2367 alia
1205 2305 1294 2366 iatius
1307 2306 1370 2364 sor·

262 2395 364 2455 mulae
388 2395 527 2476 exempla
551 2397 683 2475 suggerit
701 2396 976 2475 Constantinopolis
998 2393 1165 2455 Christiana
1182 2413 1244 2452 non
1265 2390 1367 2465 semel,
1496 2406 1497 2417 ¹

263 2479 318 2541 ubi
339 2480 572 2559 subintelligitur
594 2478 748 2565 λεγόμενα.
791 2479 920 2541 Micba’e'l
941 2479 1107 2541 Monachus
1131 2478 1163 2538 in
1180 2478 1244 2537 vita
1257 2478 1317 2536 MS.
1336 2477 1365 2539 S.
1495 2534 1496 2565 ,

264 2564 416 2626 Theodori
433 2567 569 2629 Studitae
588 2588 626 2627 ex
645 2567 719 2628 Cod.
733 2569 804 2645 lieg.
822 2572 885 2641 τοῖς
897 2564 1043 2648 ὁμορούσι
1056 2561 1156 2647 μέρεσι
1169 2560 1206 2627 cal
1222 2556 1368 2644 λεγόμενα
1495 2578 1496 2583 ’

264 2646 391 2714 Asinaeo
406 2646 523 2732 μιτύτα.
567 2655 605 2713 Et
615 2653 718 2733 paullo
727 2654 829 2733 ¹inires
849 2650 902 2714 καλ
916 2656 1100 2729 κατασκηνεῖ
1113 2650 1156 2724 εἰς
1170 2646 1207 2712 rui
1221 2643 1368 2730 λεγόμενα

264 2739 470 2819 Κρισκεντίον.
512 2737 557 2798 Da
574 2736 708 2798 Bucoliis
720 2758 795 2798 vero
808 2736 978 2817 Aegyptiis,
1000 2746 1030 2797 et
1043 2735 1165 2797 Bucolis
1178 2733 1325 2796 militibus
1338 2742 1369 2792 et

262 2821 429 2882 latronibus
454 2833 579 2899 egerunt
597 2823 792 2884 casaubonus
812 2823 851 2881 ad
871 2821 1073 2902 Capitolinum
1094 2840 1162 2903 pag.
1178 2827 1230 2888 72.
1246 2826 1278 2886 2.
1292 2817 1366 2879 edita

264 2914 293 2964 et
305 2906 521 2967 Bourdelotius
536 2908 577 2968 ad
587 2909 639 2971 lib.
654 2929 674 2968 r.
692 2907 849 2969 Heliodori
862 2927 929 2988 pag.
949 2905 998 2973 14.

347 2989 420 3067 Peg·
441 2994 516 3057 471.
541 2998 590 3059 12.
633 2986 852 3075 Κουαδρύτου]
875 2991 977 3055 lterum
988 2991 1073 3052 addit
1087 2990 1271 3073 Spartianus.

348 3074 420 3152 Peg.
441 3074 515 3141 471.
537 3079 587 3143 13.
632 3080 726 3141 Groui
739 3071 889 3159 Κλεώπα]
913 3079 1005 3160 Cujus
1025 3076 1229 3155 genealogiam
1243 3074 1295 3136 hic
1314 3075 1366 3135 da·

260 3179 330 3220 mus
351 3167 523 3242 absumptam
542 3181 582 3223 ex
602 3161 676 3225 cod.
691 3164 753 3226 MS.
767 3165 837 3243 Reg.
850 3185 949 3246 nuper
962 3185 1000 3224 ex
1015 3162 1092 3222 Chio
1105 3162 1204 3223 insula
1217 3162 1365 3222 advectos

262 3266 374 3308 verane
393 3246 446 3306 illa
464 3247 505 3307 ait
523 3269 561 3308 an
580 3249 789 3330 supposititia,
810 3270 872 3311 non
885 3250 935 3310 bic
950 3248 1152 3328 disquirimus.
1197 3245 1275 3325 Περὶ
1291 3252 1365 3309 Μα·
1478 3270 1481 3277 ’

262 3335 330 3410 alae
345 3336 400 3414 της
413 3336 471 3396 τοῦ
487 3338 612 3397 Κλωπᾶ.
658 3333 728 3417 Xer}
747 3331 859 3399 albicus
879 3331 924 3400 ὅτι
947 3333 1113 3408 ύΚλωπᾶς
1128 3323 1219 3407 asinoe
1234 3328 1364 3410 ἁδελφός

258 3410 303 3498 ’ἦν
321 3417 451 3500 Ιωακεὶμ
461 3423 519 3482 aori
531 3417 644 3505 πατρύς
656 3424 711 3500 τῆς
724 3415 884 3484 Θεοτύκον.
926 3425 1031 3503 Εμημε
1048 3416 1082 3482 di
1093 3424 1224 3502 γυναῖκα
1237 3411 1363 3499 dodam
1494 3478 1495 3485 ,

259 3508 380 3567 Ανναν·
402 3504 453 3568 aul
472 3499 659 3587 ἐτελεύτησεν
672 3503 689 3571 6
703 3510 836 3580 Κλωπᾶς
848 3500 979 3580 claranda.
1024 3507 1050 3568 0
1064 3508 1141 3585 γοῦν
1156 3504 1289 3585 Ιωααελμ
1301 3498 1361 3583 εἶχε

260 3587 313 3651 καὶ
335 3583 426 3664 ariade
446 3597 577 3673 pecuina
595 3586 716 3674 ύνύμανι
734 3587 904 3672 Σαλώμην,
926 3590 957 3667 ἐξ
971 3581 1008 3672 ἧς
1023 3587 1180 3674 ἐγέννησεν
1192 3588 1249 3653 duo
1264 3597 1361 3669 θνγα·

260 3669 365 3819 τέρας,
385 3671 441 3755 τήν
463 3673 576 3757 Euboia
595 3676 647 3740 noi
673 3674 731 3757 την
754 3671 878 3758 Θύμαρ·
902 3676 953 3740 καὶ
973 3669 1161 3756 ἐτελεύτησεν
1175 3674 1198 3756 η
1214 3670 1360 3755 Σαλώμη,

259 3780 299 3819 να
327 3753 394 3821 ἰδού
414 3754 559 3841 ἒχήρασεν
573 3763 720 3842 Ιωααείμ·
744 3756 935 3845 ’ύςηηρεύσας
948 3755 1077 3843 η’γύγετο
1091 3757 1164 3843 πρὸς
1175 3757 1285 3825 ἒαντύν
1297 3766 1360 3822 Αν-

258 3864 316 3905 ναν
337 3838 394 3923 τὴν
413 3852 542 3927 γυναῖκα
561 3850 616 3910 τοῦ
638 3841 776 3925 deceant
789 3843 885 3912 αύτού
901 3850 1032 3925 Κλωπᾶ,
1054 3846 1085 3922 ἐξ
1097 3840 1136 3928 ἧς
1151 3844 1290 3929 ἐγέννησε
1302 3841 1359 3926 τήν

259 3928 404 4010 Μαρίαν,
433 3925 475 4010 ἣν
498 3925 682 4013 μνημονεύει
701 3928 719 3996 ὅ
738 3925 974 4015 Ελύαγγελιστὴς,
1007 3931 1119 4017 λέγων,
1147 3934 1277 4014 Μαρίαν
1302 3934 1360 3994 τού

259 4017 385 4076 Κλωπᾶ.
430 4018 457 4077 Ο
475 4013 508 4079 dl
523 4017 653 4098 Ιωακελμ
667 4016 696 4081 εί
705 4015 755 4080 παλ
772 4014 849 4101 εἶχεν
862 4024 969 4081 Ανναν
980 4013 1037 4099 τὴν
1048 4021 1105 4082 rosi
1114 4011 1248 4096 aidelposi
1261 4009 1360 4081 αύτσῦ

259 4102 384 4175 Κλωπᾶ,
407 4093 470 4162 ἄλλ’
482 4093 632 4184 ούνπαρύ
644 4106 688 4189 api
699 4096 794 4190 νύμμ,
818 4101 860 4177 οίς
870 4098 1007 4187 χηρεύων
1018 4104 1227 4268 κατελοηίζετο.
1271 4105 1357 4165 oceo

256 4182 399 4267 δεαοίραν
409 4179 491 4272 νόμω
505 4180 635 4271 ἠγάγετο
647 4195 777 4271 γυναῖκα
791 4183 913 4270 iuduere
928 4196 1050 4264 Ανναν,
1072 4188 1103 4264 ἐξ
1141 4187 1219 4262 exal
1230 4186 1356 4269 dytoen-

255 4288 308 4332 σεν
323 4266 379 4348 την
393 4269 561 4355 ύπεραμίαν
577 4268 726 4339 Θεονύκον
742 4271 799 4356 τήν
816 4275 955 4359 Μαρίαν.
996 4278 1090 4358 γεννᾷ
1109 4270 1215 4338 λοιπὸν
1230 4263 1321 4346 οὗτος
1338 4269 1357 4336 d

255 4355 385 4437 Ιωακε1μ
405 4355 438 4422 ἐκ
459 4355 515 4441 μὲν
536 4363 591 4440 τοῖς
604 4353 726 4444 πρώτης
738 4357 880 4444 pausanda
896 4353 991 4423 αύτοῦ
1003 4354 1155 4441 Σαλώμης
1169 4353 1226 4440 τήν
1239 4354 1357 4440 Md?
