2992 4894
516 343 822 411 rasurarlo.
873 342 876 353 ’
1186 357 1232 431 11

114 523 191 584 licat
209 524 319 585 Petrus
338 520 396 581 iate
418 518 642 581 Alexandrinus
663 519 807 585 Chronici
825 529 934 583 auctor
958 523 1128 599 mtifirset,
1152 525 1237 603 quod

115 608 230 691 procul
245 617 423 684 estavaro,
444 606 580 667 minax
597 606 801 685 ostendemus,
824 607 1063 669 Alexandrinum
1074 609 1145 673 ideo
1157 609 1237 677 illud
1287 638 1289 647 ³

117 715 231 761 vocare
246 693 393 753 debuerit.
436 692 512 755 Nam
528 701 563 755 ut
576 694 617 755 ita
631 691 799 772 dicaretur,
820 712 943 757 necesse
957 695 1053 772 soret,
1074 705 1111 757 ut
1124 698 1173 756 val
1188 716 1237 761 rea

119 778 344 843 Alexandrinas
361 778 509 841 duntaxat
521 777 788 858 complecteretur,
811 779 1064 860 quamadmodum
1077 801 1155 863 opus
1170 784 1239 851 eal-

116 866 204 929 linici
219 864 388 946 Sophiam,
410 869 463 943 qui
476 864 532 925 sub
550 864 684 927 Gallieno
701 863 833 944 vixit¹)‚
854 875 883 947 et
898 886 929 927 x.
944 865 1030 929 libris
1044 886 1093 929 res
1108 869 1238 931 alexan.

119 952 226 1019 drinas
248 960 428 1031 persecutus
449 960 512 1026 est,
533 949 677 1029 quodque
695 950 838 1017 laudatur
859 952 899 1013 ab
914 952 1099 1033 Hieronymo
1113 952 1166 1031 2);
1187 956 1238 1019 vet

117 1039 400 1101 Alexandrinorum
416 1035 590 1097 Praesnlum
603 1034 774 1113 historiam,
796 1047 831 1099 nt
845 1037 1016 1101 Chronicon
1028 1037 1186 1118 Eutychii,
1208 1050 1239 1101 st

116 1124 199 1185 illud
213 1123 299 1204 qnod
305 1122 460 1185 Orientale
473 1131 602 1197 vocant,
622 1123 705 1203 typis
712 1123 809 1205 Regiis
823 1123 954 1188 aditum:
975 1125 1025 1188 rel
1040 1125 1144 1186 saltern
1161 1136 1238 1189 tam-

117 1230 199 1291 pora
219 1209 385 1275 seeundum
404 1206 681 1273 Alexandrinorum
705 1230 805 1271 aeram
827 1231 865 1271 ac
885 1209 1017 1290 epochas
1035 1212 1068 1273 in
1088 1232 1123 1272 so
1139 1211 1239 1289 exige·

117 1305 248 1373 rantur,
267 1293 423 1375 quomodo
445 1293 575 1358 lacobus
596 1293 737 1376 Gujacius
753 1291 790 1381 ³)
819 1296 993 1363 chronicon
1011 1297 1091 1359 illud
1107 1297 1239 1359 Mersa·

120 1380 245 1447 dunum
260 1401 300 1445 ox
309 1378 498 1445 Bibliotheca
512 1382 646 1443 Paterna
660 1382 808 1463 appellat,
833 1383 917 1465 quod
932 1384 964 1444 in
979 1404 1016 1447 oo
1026 1404 1091 1445 non
1102 1403 1144 1445 ax
1157 1384 1239 1444 Coss.
1257 1388 1282 1442 V

121 1467 270 1533 duntaxat
292 1467 454 1543 Romania,
490 1466 551 1531 'aed
574 1467 664 1531 enam
689 1488 726 1531 ex
750 1488 807 1531 suo
828 1469 986 1547 Augustali
1011 1490 1109 1533 anuos
1133 1478 1240 1549 putent

121 1552 331 1617 Alexandrini»
375 1551 468 1627 Quod
481 1551 604 1633 quidem
621 1553 789 1617 Paternum
802 1553 973 1619 chronicon
986 1555 1180 1636 idemipsum
1195 1564 1241 1617 eat

120 1637 207 1719 quod
221 1637 316 1701 edidit
335 1638 468 1717 Scaliger
481 1648 551 1716 post
569 1638 691 1701 Eusebii
705 1639 893 1717 chronicon,
914 1639 975 1702 hoc
990 1641 1095 1703 titudo:
1115 1639 1240 1703 Execr-

119 1739 176 1805 pto
190 1745 233 1784 ecc
252 1726 354 1806 priore
367 1721 445 1791 libro
462 1720 680 1804 chronologico
692 1723 812 1789 Euandri
824 1742 852 1789 et
866 1724 1022 1810 Africano
1038 1741 1066 1787 et
1079 1724 1163 1803 aliia,
1186 1723 1238 1785 la·

119 1811 182 1868 tine
199 1831 340 1870 conuerso
357 1808 527 1871 abdomine
543 1808 689 1889 tartaro,
708 1813 823 1894 inepto,
845 1809 1026 1877 Helleniami
1039 1827 1068 1875 ct
1081 1810 1239 1875 Latinita-

119 1894 161 1955 tis
171 1895 398 1977 imperitissimo.

207 2064 257 2127 vt.
300 2064 340 2129 Id
358 2066 511 2131 enimvero
533 2068 723 2146 Chronicon,
746 2069 829 2150 quod
843 2067 1020 2150 Farraginis
1037 2064 1278 2133 Alexandri-ld
1295 2071 1405 2127 nonime

121 2170 178 2209 nec
198 2150 338 2213 lemmate
355 2172 418 2213 uon
442 2153 535 2215 semel
554 2156 658 2217 laudat
672 2157 801 2219 lacobus
826 2152 1092 2237 Gottolredus4)‚
1114 2163 1145 2215 et
1158 2141 1387 2213 nnd00h¹⁰¹¹30⁰=

122 2253 178 2293 sua
191 2232 294 2297 hausit
314 2238 461 2316 Scaliger,
484 2250 623 2303 servatur
637 2241 730 2303 hodie
752 2242 785 2303 in
799 2238 990 2301 Bibliotheca
1003 2241 1116 2317 Regia,
1135 2241 1168 2299 in
1186 2211 1408 2351 (ὶο-Ἑξὲἓζζζ

122 2317 193 2381 dica
215 2320 421 2400 membraneo,
446 2322 559 2403 literis,
581 2326 630 2387 uti
643 2335 771 2402 vocant,
793 2325 964 2387 uncialibus
978 2325 1146 2404 descripto,
1168 2345 1279 2420 pro-91
1303 2352 1407 2404 Ambia-

120 2403 253 2485 indeque
273 2409 403 2487 potioris
423 2410 547 2471 omuino
575 2410 780 2491 antiquitatis,
800 2410 836 2473 in
858 2408 945 2489 cujus
962 2410 1064 2471 limine
1079 2420 1337 2474 recentromnensis
1360 2438 1408 2475 no-

120 2492 227 2571 paullo
246 2490 439 2571 characters,
460 2497 515 2557 aad
538 2497 592 2577 qui
609 2496 718 2565 Caroli-
732 2494 818 2559 Calvi
836 2504 966 2556 acutam
976 2493 1109 2569 redolet,
1131 2493 1242 2555 haecce
1248 2506 1306 2541 Μ
1330 2507 1408 2573 rte?-
1445 2538 1454 2563 .

122 2575 442 2659 deacnptalegunturz
464 2577 633 2651 cernens
650 2578 770 2664 Georgo
783 2579 998 2645 memsam
1008 2576 1163 2661 merope,
1184 2558 1308 2653 aufert
1322 2577 1405 2644 metu

122 2664 200 2725 noar
220 2661 278 2727 olii
296 2662 419 2744 dicunt,
451 2664 586 2731 Victoria
606 2668 787 2732 Turonensis
808 2663 960 2748 Episcopi,
1005 2665 1122 2726 Desinit
1142 2639 1384 2729 ιιιιῐειιιωῃνθωι

122 2747 207 2809 istud
226 2748 398 2813 chronicon
418 2752 602 2835 intempore
621 2753 770 2817 duranni
791 2751 910 2828 Dicori,
935 2770 996 2831 quo
1011 2751 1131 2815 demum
1146 2752 1244 2831 impe·
1302 2752 1304 2756 ’

122 2843 210 2898 rante
223 2835 348 2899 ridetur
368 2836 462 2901 fuisse
486 2841 673 2914 conlectum
695 2858 766 2901 cum
778 2837 956 2917 praesertim
974 2836 1008 2897 in
1020 2837 1243 2916 imperatorum

122 2919 208 2998 tolie,
230 2941 323 2999 quam
339 2932 445 2987 auctor
462 2923 639 3005 descripsit,
658 2934 690 2989 at
701 2927 733 2987 iu
751 2944 812 3004 quo
826 2923 951 3003 Imperii
965 2943 1060 2997 annos
1076 2921 1242 3002 unicuique

122 3005 276 3085 appingit,
306 3008 339 3071 in
362 3009 512 3092 Zenom
525 3021 554 3075 et
568 3012 759 3075 Anastasium
773 3008 907 3086 desinat,
937 3009 1054 3071 amieria
1067 3028 1170 3073 aarum
1182 3009 1243 3071 Im.

121 3092 199 3169 perii
222 3093 319 3157 annis.
361 3094 457 3157 Porro
481 3096 643 3175 Georgium
660 3097 845 3176 Episcopum
867 3093 1114 3170 ambianensem,
1149 3095 1203 3174 qui
1224 3118 1242 3157 a

123 3174 233 3239 carolo
253 3179 366 3259 Magno
376 3180 505 3261 Romam
519 3185 648 3262 Legatos
666 3184 776 3245 missua
788 3189 835 3245 eat
847 3180 930 3243 eirca
943 3201 1056 3243 annum
1070 3199 1240 3246 numum.
1356 3232 1359 3245 .

121 3270 157 3322 ut
174 3271 302 3328 testatur
322 3264 496 3329 Anastasius
510 3265 555 3350 ⁵)
573 3288 662 3333 nemo
676 3268 794 3329 fortean
813 3266 888 3345 erit,
910 3268 1019 3349 quiex
1039 3264 1134 3327 hacce
1146 3282 1241 3346 appo·
1257 3275 1280 3328 Ρ
1296 3280 1314 3334 5

122 3347 179 3409 sita
195 3349 299 3411 ecdici
310 3351 510 3431 inscriptione
526 3363 680 3417 auctorem
693 3354 767 3415 velit
782 3372 934 3415 asserere:
962 3360 1027 3411 tum
1041 3351 1123 3430 qnod
1139 3371 1172 3411 ea
1192 3373 1241 3413 aa.

123 3440 182 3497 tate
195 3435 346 3516 ejusmodi
362 3439 395 3497 in
416 3438 509 3506 latina
524 3439 626 3519 lingua
645 3439 801 3500 harbaries
819 3438 851 3501 in
870 3437 969 3498 Gallia
982 3435 1104 3497 minime
1121 3436 1239 3497 obtine-

123 3528 187 3597 re13
218 3530 286 3587 tana
304 3523 394 3587 etiam
410 3523 493 3603 quod
515 3527 571 3591 etsi
588 3525 709 3603 Georgii
729 3522 875 3605 Episcopi
896 3522 1105 3585 Ambianensis
1127 3543 1239 3585 nomen

122 3605 289 3683 praeierat,
311 3607 376 3671 fieri
397 3610 494 3692 possit
511 3620 547 3671 ut
559 3611 706 3692 ejusmodi
727 3610 841 3673 similes
862 3609 943 3671 forte
965 3608 1082 3687 aliquot
1096 3609 1250 3671 lucubrlh

123 3689 222 3755 tiones
239 3693 386 3771 emiserit,
415 3697 574 3776 exquibus
587 3693 968 3759 harumconditorlaaberi
982 3695 1135 3774 potuerit,
1163 3705 1241 3753 tam-

125 3775 179 3837 etsi
196 3798 236 3839 an
256 3778 284 3841 is
303 3780 452 3859 quaedam
474 3783 630 3862 scripserit
650 3784 803 3845 incertum
821 3800 948 3863 prorsus
961 3790 1093 3843 maneat.
1136 3780 1241 3857 Neque

124 3861 237 3939 potiori
255 3863 325 3944 jure
345 3866 464 3931 Victori
485 3867 635 3950 Episcopo
660 3868 847 3947 Turonensi,
867 3867 921 3948 qui
937 3867 1040 3931 nulus
1055 3867 1133 3945 tuit,
1154 3865 1243 3927 debet

128 4024 337 4037 -‹—-—...-..-

159 4132 169 4164 ι
244 4134 252 4149 .

159 4133 191 4302 :i
207 4134 352 4259 ginienses.
369 4207 397 4260 in
414 4206 526 4268 Daniel..
690 4232 693 4237 ·

205 4272 321 4329 Paratit.
336 4275 370 4328 ad
387 4276 428 4329 tlt.
454 4276 521 4331 Cod.
539 4277 573 4332 de
591 4278 671 4333 Ollio.
690 4279 780 4334 Praei.
798 4281 909 4351 August.

159 4340 172 4370 ⁴
208 4339 240 4392 ln
255 4340 321 4397 Not.
339 4344 374 4398 sd
391 4344 458 4400 cod.
476 4345 579 4402 Theod.

159 4407 171 4439 ⁵
208 4408 239 4464 ln
256 4409 369 4468 Adriano
387 4414 410 4469 l.
