2992 4894
229 244 280 320 24
355 230 361 241 ·
572 233 939 337 pressuram,

229 430 304 472 xxx.
320 430 419 494 nanos
439 431 505 472 oum
525 429 631 493 possus
650 422 697 471 est.
709 407 886 484 Dominus,
907 406 1023 470 Pascha
1042 404 1215 475 arbiratur.
1264 401 1336 489 lpse

230 498 307 556 enim
328 511 391 555 eros
408 497 521 577 justum
538 490 669 554 Posolso.
710 492 755 554 A'
769 494 907 555 Passione
928 494 1024 552 aulem
1046 493 1171 554 Domini
1193 493 1336 573 usque,irs

230 602 300 643 x111.
316 600 426 640 onnam
441 576 561 660 Imperii
580 574 757 642 Alexandri
778 574 913 638 Caesaris
935 579 1007 638 anni
1025 596 1102 639 oovr.
1123 590 1270 641 sonatum
1291 590 1337 635 ess

187 674 189 681 ’
231 662 365 741 Parsada,
386 661 467 747 quod
488 666 531 724 in
545 652 848 725 commemorationem
866 658 990 722 Domini
1014 663 1116 739 nostri,
1131 658 1200 720 iesu
1224 657 1337 721 Christi

232 763 363 810 servatur
385 771 405 808 o
425 748 519 811 nobis.
569 745 659 806 Fiunt
680 748 771 830 igitur
786 758 895 807 «omnes
913 748 985 807 nnn-i
1007 746 1045 807 ob
1062 743 1169 808 Adam
1191 745 1337 828 usquein

233 831 402 894 herodiam
415 836 487 895 coni
500 852 530 896 v.
544 840 758 893 uo'ocxxxvur.
802 831 885 905 Quae
906 832 1027 917 quidem
1041 831 1094 891 hio
1108 854 1124 890 a
1143 829 1230 895 nobis
1244 820 1338 889 allatis

122 920 148 978 V
166 923 199 980 1e
234 918 340 998 siquis
357 919 475 983 cumiis
492 917 618 996 quseds
637 915 795 998 Hippolyti
816 916 966 983 chronico
988 919 1139 996 attigimus
1157 914 1339 975 adamussim

235 1002 370 1065 conscire
391 998 494 1080 v'slit',
509 1002 585 1062 illud
607 1004 707 1082 ipsum
727 1022 788 1062 esse
812 1001 945 1081 ejusdem
969 999 1138 1067 chronicon
1157 1000 1240 1061 haud
1258 996 1339 1059 diffi-

234 1090 330 1150 culter
348 1089 426 1148 sorte
445 1088 606 1161 concedet,
628 1088 677 1151 cui
698 1084 924 1163 laterculumis
941 1088 1143 1167 praemiserit,
1163 1086 1222 1163 vel*
1235 1084 1350 1145 subdi·¹

235 1174 315 1235 derit
334 1174 368 1233 in
387 1172 535 1234 Paschalis
558 1173 641 1250 festi,
672 1170 709 1232 da
731 1193 791 1253 quo
811 1173 849 1232 in
863 1173 916 1232 illa
937 1193 1028 1251 quam
1050 1172 1185 1235 diximus,
1205 1170 1339 1231 sectione

163 1254 166 1267 ’
235 1259 312 1337 egit,
334 1248 507 1319 inveniendi
529 1261 678 1318 canonem
699 1243 927 1339 seuregulami
944 1256 983 1317 ad
997 1278 1086 1338 quam
1095 1256 1285 1339 praeteritos
1307 1248 1340 1314 et

236 1353 392 1423 sequentes
409 1364 501 1407 annos
525 1345 693 1424 expendere
714 1345 855 1403 lectorem
876 1342 1017 1407 voluerit.
1060 1343 1122 1402 Nec
1142 1338 1240 1402 ibstet
1255 1338 1340 1419 quod

237 1429 278 1487 ad
300 1430 484 1509 postremum
507 1430 672 1489 Alexandri
692 1428 885 1509 imperatoris
912 1447 1023 1491 annum
1049 1428 1143 1488 hocce
1167 1426 1340 1487 chronicon
1397 1446 1401 1452 ·

238 1513 441 1589 canisianum,
464 1534 518 1574 seu
531 1514 723 1575 Labbeanum
733 1513 917 1590 deducatir,
938 1500 1212 1593 Hippolytus'vero
1233 1511 1340 1571 eoim-
1381 1579 1385 1589 ,

235 1607 361 1678 perante
374 1600 552 1680 Martyrium
568 1600 692 1660 subiisse
710 1599 830 1658 dicetur
857 1619 874 1658 a
903 1592 1143 1680 quibusdaml),
1174 1610 1242 1656 eum
1262 1606 1342 1657 certe

235 1670 269 1742 id
284 1703 408 1762 prorsus
427 1684 575 1745 incertum
595 1687 652 1761 sit,
673 1684 818 1767 nulloque
839 1682 938 1766 probo
963 1693 1088 1761 auctore
1111 1682 1248 1762 Martyrii
1265 1691 1342 1753 tem,-

236 1787 295 1848 pus
310 1779 469 1845 asseratur,
491 1770 574 1850 quod
586 1771 641 1831 sub
658 1771 747 1829 Decio
760 1771 919 1848 contigisse
936 1769 1099 1846 Gregorius
1115 1762 1340 1847 Turonensis²)

237 1854 333 1917 etalii
348 1857 475 1932 volunt,
494 1855 548 1915 sed
561 1854 732 1916 Alexandro
747 1855 895 1915 duntaxat
912 1854 1077 1935 imp'qrante
1094 1853 1205 1913 vixisse
1219 1854 1342 1913 tradant

236 1938 399 2016 Eusebius,
421 1941 638 2020 Hieronymus,
660 1950 689 2019 et
708 1938 824 2018 alii³):
848 1940 1023 2020 Anonymus
1045 1939 1167 1999 veroin
1190 1937 1343 1998 Chronico

236 2022 297 2084 MS.
327 2044 365 2082 ex
393 2026 475 2085 cod..
499 2026 745 2102 Reg.111.un1v.
780 2023 968 2105 Niceplmrus
998 2020 1360 2107 (ΙὸηεῐειηῐῇηοροΙίῐ.,.ἱιιΙ

238 2105 453 2188 chronologia,
475 2118 505 2169 et
524 2110 682 2190 catalogus
704 2110 924 2189 Imperatorum
941 2110 1344 2188 constantinopolitanorum

238 2191 364 2252 edituos
385 2194 563 2255 Leunclavio
581 2197 632 2258 lib.
655 2216 689 2259 11.
710 2194 787 2276 juris
803 2195 1036 2255 Graecotomani
1047 2196 1159 2254 Severo
1178 2193 1344 2274 imperante
1401 2240 1407 2249 .

235 2275 390 2356 floruisse,
411 2301 587 2360 perperam,
609 2280 767 2359 uitellos,
791 2280 941 2341 scribunt:
970 2279 1021 2344 tat
1042 2273 1152 2342 soriano
1171 2278 1224 2343 καὶ
1244 2270 1348 2340 Ιπίπόε

235 2365 325 2436 duros
344 2362 361 2428 ὅ
382 2369 520 2446 Ρωμᾳίος
546 2362 736 2450 συγγραφεῦς
759 2362 882 2447 ἤκμαζ.
933 2365 1061 2424 Tametsi
1082 2365 1125 2423 nil
1149 2364 1248 2423 obstat
1272 2363 1344 2440 quin

236 2448 340 2525 Severi
360 2450 451 2510 etiam
471 2460 569 2510 aetate
591 2462 657 2513 tum
677 2453 808 2530 primum
830 2452 912 2509 nosci
944 2448 1090 2529 coeperit:
1118 2450 1178 2508 nisi
1199 2446 1345 2508 Severum

237 2552 306 2590 cum
321 2532 493 2593 Alexandro
508 2536 619 2594 Severo
639 2533 842 2605 confuderint.
885 2535 1096 2616 Coniecturam
1110 2543 1267 2616 praeterea
1282 2526 1345 2592 nol-

237 2625 330 2675 stram
350 2616 387 2677 de
409 2617 578 2699 Hippolyto
601 2619 734 2699 ejusdem
760 2620 898 2700 opusculi
911 2622 1061 2700 scriptore
1074 2619 1192 2679 firmare
1209 2639 1299 2699 possa
1312 2612 1362 2681 id.

236 2700 373 2778 videtur,
397 2704 481 2783 quod
495 2704 641 2782 quaedam
658 2724 697 2764 ex
709 2724 742 2763 eo
762 2705 794 2763 in
810 2704 1009 2765 Raderianum
1026 2704 1197 2775 chronicon
1211 2704 1271 2764 sint
1285 2704 1344 2762 im-

236 2786 346 2862 missa,
376 2796 411 2846 ut
435 2784 616 2849 subinde'in
638 2789 724 2849 Notis
745 2781 928 2855 indicantum
965 2791 1039 2851 adeo
1063 2799 1099 2849 ut
1126 2789 1210 2849 haud
1235 2780 1344 2868 injuria

144 2872 221 2929 Pte
238 2869 412 2950 Hippolyti,
447 2881 482 2931 ut
507 2883 537 2932 et
564 2873 747 2950 Marcellini,
781 2875 917 2953 quisquis
948 2875 1001 2949 ille
1040 2875 1189 2950 extiterit,
1224 2874 1344 2933 nomina

238 2955 415 3034 praetulerit
428 2957 531 3016 Codex
549 2959 753 3022 Scorialensis.
795 2960 899 3038 Neque
918 2961 997 3021 enim
1016 2960 1210 3021 Heruoctium
1233 2959 1344 3039 absque

237 3040 433 3100 fundamento
447 3042 564 3124 aliquo,
585 3064 619 3104 ea
636 3044 755 3104 codicis
767 3043 855 3104 titulo
867 3045 998 3106 affixisse
1010 3045 1168 3128 probabile
1186 3053 1240 3104 est.
1289 3040 1291 3043 ¹
1389 3054 1393 3061 '

73 3205 241 3293 Idveropfo·
325 3210 408 3270 XIX.
450 3213 574 3272 Praeter
597 3213 660 3294 jam
691 3212 795 3273 allatas
820 3215 1020 3296 conjecturas,
1051 3234 1126 3294 quae
1154 3208 1343 3277 canisianum
1382 3248 1386 3255 -

17 3288 18 3291 ’
73 3277 168 3397 qimam
182 3294 224 3332 '¹‘
241 3314 293 3353 seu
315 3295 506 3356 Labbeanum
533 3298 616 3357 istud
637 3297 809 3360 chronicon
831 3298 997 3380 Hippolyto
1017 3300 1177 3361 videantur
1201 3318 1362 3373 asserere„

73 3353 323 3470 tssfflffiffiaud
342 3380 455 3440 minimi
475 3382 561 3441 etiam
582 3385 726 3443 momenti
747 3386 826 3443 forte
846 3386 958 3445 censeri
981 3382 1087 3445 debeat
1106 3386 1159 3444 illa
1174 3405 1251 3463 quae
1266 3385 1343 3443 circa

240 3485 402 3539 annorum,
424 3475 488 3526 tum
507 3489 523 3525 a
544 3469 647 3528 mundi
669 3469 858 3546 conditione,
880 3480 944 3529 tum
968 3492 984 3528 a
1008 3469 1119 3529 christi
1140 3468 1348 3549 lucarnatione

239 3557 269 3610 'et
289 3549 403 3628 Natali,
431 3571 489 3630 qua
512 3552 697 3634 Hippolytus
721 3574 794 3631 usus
818 3553 941 3627 dicitur,
974 3554 1176 3636 petendorum
1199 3555 1342 3614 rationem

238 3643 401 3709 versetur,
415 3655 484 3694 cum
504 3645 631 3716 uterque
652 3639 785 3718 scriptor
801 3639 833 3697 in
855 3641 939 3699 annis
959 3640 1064 3719 mnndi
1082 3640 1197 3700 conditi
1219 3659 1343 3699 consen·

237 3719 322 3778 tiaut.
365 3720 405 3777 Ut
422 3719 454 3777 id
473 3741 563 3799 porro
583 3723 776 3802 exploretur,
796 3723 1009 3802 inquirendum
1033 3725 1129 3805 primo
1148 3718 1212 3803 'qua
1226 3723 1342 3791 metho-

240 3801 280 3862 do
294 3822 367 3863 usus
382 3803 421 3862 sit
435 3804 620 3886 Hippolytus
641 3808 674 3867 in
698 3809 908 3888 consignandis
929 3811 1031 3888 annis,
1051 3820 1116 3871 tum
1137 3809 1259 3886 mundi,
1281 3818 1342 3868 tum
