2944 4896
460 340 661 408 GHRONIGI
686 343 914 449 Pascuntls.
1181 344 1254 420 183

149 502 239 563 zantii
269 503 452 584 Episcopum
489 507 696 568 constituerat.
746 508 882 569 Andreas
916 510 1030 590 quippe
1057 513 1089 570 in
1123 510 1253 574 Pontum

149 588 320 670 trajiciens,
356 591 508 671 Byzantiis
539 591 689 653 Christum
721 595 898 655 annuntiare
935 594 1081 659 decrevit.
1128 596 1254 679 111111

148 695 182 736 ea
209 686 238 736 te
295 684 387 747 estate
415 677 466 736 vir
491 678 598 755 insigni
630 680 811 740 crudelitate
836 679 1010 759 Zeuxippus
1038 675 1253 745 locum‘iillum
1371 707 1372 710 ¹

148 769 212 820 tum
240 695 383 838 1111111,
416 771 568 842 quotquot
602 784 642 825 ex
680 764 805 826 aduenis
837 764 1016 845 Byzantium
1053 767 1253 849 appellebant,

148 847 326 927 priusquam
349 846 594 925 ingrederentur,
617 870 655 908 an
678 849 829 911 Christum
852 852 988 911 colerent
1007 853 1153 930 rogabat,
1176 874 1253 934 per-

147 932 239 992 misso
272 941 377 1012 postea
407 933 433 991 11
462 943 606 1011 negarent
636 934 719 996 urbis
747 937 891 1013 ingressu.
937 936 969 997 Si
995 956 1069 996 vero
1098 934 1251 1007 Christum

149 1017 297 1096 quispiam
321 1016 537 1094 confiteretur,
570 1020 725 1081 confestim
750 1023 780 1082 in
803 1020 923 1080 vincula
947 1020 1187 1103 conjiciebatur,
1214 1045 1251 1085 ac

148 1101 257 1164 deinde
284 1103 411 1185 pedibus
438 1104 635 1184 manibusque
661 1106 761 1186 ligatis
783 1105 815 1165 in
845 1127 925 1167 mare
946 1107 1142 1188 praecipitari
1162 1109 1252 1190 jube·

148 1187 246 1249 batur.
292 1188 359 1262 Qua
390 1189 510 1267 quidem
539 1191 642 1249 audita
672 1191 868 1269 crudelitate,
908 1193 1085 1272 Byzantium
1113 1202 1249 1274 praeter·

147 1274 289 1352 navigans
312 1272 461 1353 Andreae,
483 1275 570 1335 inea
591 1275 736 1337 Thraciae
760 1286 861 1356 parte,
892 1297 970 1357 quse
993 1278 1138 1358 Byzantio
1160 1279 1251 1360 adja-

148 1368 213 1435 cet,
251 1360 351 1419 stadio
373 1359 494 1419 circiter
515 1380 577 1419 uno
600 1362 636 1421 ab
660 1362 862 1441 Argyropoli,
891 1383 946 1443 per
966 1363 1120 1425 biennium
1141 1365 1252 1426 consti·

149 1445 200 1521 tit,
232 1455 339 1505 coacto
365 1444 430 1513 illic
456 1445 530 1522 legis
559 1466 594 1505 ao
625 1447 761 1508 veritatis
791 1449 953 1509 amantium
974 1446 1130 1509 bominum
1151 1460 1250 1516 coetu.

148 1530 272 1591 Duobus
292 1530 385 1608 igitur
407 1530 529 1591 circiter
555 1532 688 1593 millibus
714 1533 757 1593 ihi
779 1534 937 1610 collectis,
967 1545 1127 1615 erectoque
1149 1536 1249 1616 Argy-
1376 1606 1379 1615 .

147 1617 248 1696 ropoli
269 1615 390 1676 Christo
412 1617 517 1691 altari,
543 1637 579 1676 ac
600 1618 713 1697 Stachy
734 1620 898 1680 constituto
919 1619 1091 1700 Episcopo,
1117 1621 1250 1702 Sinopen

144 1702 235 1763 Ponti
261 1702 405 1781 perrexit.
446 1701 572 1761 Exactis
601 1713 699 1763 autern
723 1725 739 1762 a
762 1702 875 1784 Stachy
901 1703 935 1761 in
955 1705 1141 1784 Episcopatu
1163 1708 1249 1767 annis

145 1787 290 1862 sedecim,
312 1788 339 1847 ei
360 1786 505 1847 successit
524 1788 701 1863 Onesimus,
723 1789 810 1869 cnjus
831 1787 967 1850 meminit
987 1789 1098 1849 Paulus
1114 1790 1249 1869 siponto.
1281 1840 1283 1844 .

145 1874 193 1934 lus
217 1873 249 1933 in
271 1872 406 1954 Epistola
429 1871 469 1933 ad
491 1871 711 1951 Philemonem
749 1894 879 1954 cumque
901 1883 1036 1934 coesset
1057 1875 1177 1935 functus
1199 1876 1248 1935 of-

143 1959 214 2020 lioio
235 1979 292 2040 per
313 1978 407 2018 annos
429 1958 657 2037 quatuordecim
668 2006 680 2035 ,
715 1974 784 2019 cunr
808 1961 862 2020 illo
892 1958 1079 2040 Polycarpus
1107 1961 1247 2041 Byzantii

143 2045 312 2126 Episcopus
331 2042 496 2104 triennium
518 2045 726 2106 constituitur:
749 2065 810 2125 quo
832 2053 902 2127 post
924 2043 1025 2104 decem
1048 2054 1078 2105 et
1099 2055 1168 2107 octo
1190 2067 1247 2106 sn-

144 2152 200 2191 nos
222 2133 376 2204 extincto,
403 2128 616 2210 Episcopatum
639 2130 766 2212 adeptus
787 2140 832 2191 est
854 2130 1057 2208 Plutarchus,
1086 2131 1137 2191 cui
1160 2132 1247 2194 annis

143 2214 273 2281 sedecim
294 2215 451 2296 peractis,
480 2214 1041 2293 311111111111111111111111111,
1073 2237 1131 2296 per
1152 2238 1247 2278 annos

143 2300 369 2363 novemdecim:
396 2294 584 2381 postquem
619 2301 765 2380 Diogenes
794 2321 873 2359 anno
905 2300 1100 2360 Pontificatus
1128 2301 1246 2362 decimo

145 2388 251 2468 quinto
272 2386 366 2446 vitam
388 2385 488 2464 exuit3
510 2383 704 2466 posthunc,
733 2384 832 2446 sedem
855 2384 1064 2464 Episcopalem
1088 2382 1247 2447 obtinuere

142 2472 335 2534 Eleutherius
356 2491 413 2553 per
434 2470 566 2551 septem,
587 2471 675 2532 Felix
691 2470 800 2532 deinde
814 2491 870 2552 per
886 2470 1037 2549 quinque,
1060 2491 1095 2529 ac
1117 2470 1248 2550 denique

143 2560 334 2639 Polycarpus
360 2577 417 2638 per
438 2577 532 2616 annos
560 2557 715 2619 tredecim.
759 2556 876 2617 Horum
897 2572 1025 2635 corpora
1045 2554 1077 2615 in
1098 2556 1248 2637 sepulcris

142 2643 269 2726 lapideis
290 2642 343 2703 hic
363 2641 521 2703 recondita
542 2652 628 2718 sunt,
651 2653 686 2704 ut
708 2651 740 2703 et
759 2641 894 2702 Nataliae
916 2659 1045 2721 corpus,
1067 2650 1099 2705 et
1119 2641 1248 2703 Adriani

143 2731 197 2812 qui
218 2740 322 2809 postea
342 2727 522 2808 Martyrium
551 2727 653 2792 subiit.
679 2728 730 2789 ‘In
753 2727 813 2789 alio
835 2747 909 2788 vero
939 2725 1110 2787 conditorio
1132 2728 1246 2787 tumul-

142 2815 239 2878 tuarie
260 2824 327 2874 tum
348 2815 443 2889 facto,
456 2812 610 2875 ,tredecim
631 2811 964 2894 Martyrum-reliquiae
987 2811 1141 2892 depositae
1162 2822 1247 2873 sunt:

142 2901 173 2962 11
195 2921 264 2961 1111
287 2908 388 2960 autem
409 2898 551 2980 plumbea
572 2901 655 2959 solus
685 2890 921 2980 depositus'est
943 2896 1091 2957 Adrianus
1112 2897 1247 2967 Nataliae

141 2988 208 3066 vir,
236 3006 312 3067 quae
344 2983 466 3065 quidem
495 2986 634 3065 sepulcra
662 2985 761 3045 omnia
788 3002 885 3066 usque
911 2981 950 3043 ad
977 2981 1089 3047 haecce
1108 2991 1247 3063 tempora
1284 2999 1287 3007 ¹
1313 2995 1317 3003 “

142 3081 283 3154 prostant
306 3071 339 3131 in
360 3070 555 3131 subterraneo
577 3079 688 3148 antro,
721 3071 754 3130 in
783 3090 843 3149 quo
872 3069 967 3127 altare
990 3069 1087 3128 erexit
1112 3068 1245 3129 Andreas

142 3158 318 3240 Apostolus.
360 3154 520 3216 Enimvero
548 3175 651 3216 eorum
676 3155 729 3236 qui
756 3154 788 3214 in
817 3153 969 3214 Christum
991 3153 1136 3228 credunt,
1173 3155 1248 3233 plu·
1349 3162 1353 3173 ¹

141 3244 219 3305 rimo
249 3251 357 3303 coacto
387 3249 493 3314 coetu,
523 3249 696 3320 cessataque
716 3249 785 3320 post
806 3239 952 3318 Zeuxippi
974 3239 1088 3299 obitum
1109 3239 1247 3318 Byzantii

141 3329 322 3410 tyrannide,
356 3344 426 3388 cum
448 3325 501 3405 qui
523 3326 706 3406 Argyropoli
730 3324 878 3386 Ecclesiae
900 3332 1059 3403 praeerant
1080 3323 1246 3385 multorum

140 3415 278 3476 locorum
300 3422 398 3474 essent
421 3420 592 3491 compotes,
615 3421 644 3470 et
667 3410 831 3470 Gentilium
853 3429 889 3468 sc
909 3406 1090 3467 ludaeorum
1111 3408 1246 3487 impres-

141 3502 239 3562 siones
261 3499 403 3578 defugere
424 3504 612 3574 satagerent,
632 3504 664 3556 iu
686 3494 908 3557 mediterraneis
928 3492 1014 3572 juxta
1031 3492 1245 3572 Argyropolim

140 3587 230 3647 uliam
251 3592 414 3647 erexerunt
436 3582 620 3658 Ecclesiam,
653 3601 740 3661 quam
762 3588 868 3660 postea
890 3577 1101 3638 Constantinus
1123 3577 1246 3657 Magnus

58 3727 62 3734 .
115 3708 119 3721 ·
140 3672 325 3754 Imperator,
350 3671 384 3730 in
405 3669 506 3728 crucis
526 3667 651 3747 liguram
674 3666 839 3727 confectam
863 3664 1042 3744 ampliorem
1064 3663 1151 3736 11111,
1174 3684 1244 3725 cnm

140 3757 172 3818 in
192 3757 253 3819 hac
275 3776 388 3837 corpus
409 3774 496 3814 snum
517 3752 743 3815 recondendum
766 3750 958 3813 decrevisset.
992 3748 1104 3808 Verum
1125 3750 1244 3827 Byzan-

140 3843 185 3904 tio
215 3844 359 3924 majorem
385 3839 617 3920 anaphtudinem
645 3847 758 3914 nacto,
793 3836 849 3916 qui
873 3836 1068 3896 Constantino
1096 3833 1245 3895 adhaere-

140 3930 230 4000 bant,
252 3930 470 4008 lmperatorum
493 3945 622 4005 corpora
646 3932 730 3986 extra
753 3922 857 3983 urbem
887 3920 1006 3981 minime
1027 3939 1092 3979 esse
1112 3918 1244 3980 transfe-

142 4015 234 4075 renda
261 4013 422 4092 subjecere.
464 4009 551 4070 Unde
573 4012 659 4069 locus
691 4009 767 4068 alius
797 4006 836 4068 ad
865 4007 1084 4086 Imperatorum
1106 4004 1243 4085 sepulcra

141 4109 245 4181 postea
266 4099 402 4159 delectus
424 4104 477 4157 111.
521 4095 654 4155 Ecclesia
676 4103 774 4154 autem
797 4092 849 4152 illa
870 4090 999 4163 fortibus
1021 4089 1100 4163 illis,
1128 4109 1163 4148 ac
1184 4088 1244 4167 piis

141 4186 174 4245 in
201 4187 268 4266 lege
297 4192 411 4265 septem
439 4180 542 4262 pueris
578 4190 608 4242 et
634 4178 777 4243 Eleazaro
808 4175 946 4240 Pontifici
975 4174 1117 4254 deinceps
1144 4171 1243 4234 dicata
