2996 4898
269 317 272 324 ’
387 338 446 414 ‘ut
470 334 982 425 cnuonrconurscnsss.
1172 336 1249 426 tre

137 511 279 595 Scriptor
299 505 452 574 chronici.
497 508 572 577 cuns
597 512 691 595 porro
707 498 986 595 sysonsseconnn
1000 511 1122 594 Epoclta
1136 502 1249 596 'vorgia‘

138 615 205 661 reor
220 597 333 660 christi
348 597 500 680 Epooharn
515 616 625 660 oocxn.
640 601 730 661 curis
745 601 922 681 praecedat,
944 600 1057 681 illaque
1071 594 1137 665 Kal.
1155 603 1249 664 Octo.

135 680 317 755 crisinon,
339 686 481 767 sequitur
494 702 605 746 annum
618 700 765 747 oenum.
784 685 920 748 incidere
940 686 971 746 io
996 698 1128 748 mensem
1144 688 1249 753 0ctoe

137 769 225 832 breta
241 766 311 832 anni
325 770 437 831 Christi
452 771 587 850 volgaris
604 782 683 832 cont.
708 784 809 833 mense
828 786 902 835 vero
921 760 1087 833 Februario
1111 774 1249 873 sequenti

137 857 173 918 in
189 877 300 917 annuus
314 857 529 937 Dionysienunr
544 878 634 919 cnon.
649 877 710 937 quo
724 856 838 935 Pascha
853 858 953 920 extitit
968 878 1062 918 xxm.
1075 858 1190 937 biurtti,
1212 872 1249 922 ac

138 942 271 1026 proinde
298 941 393 1002 media
416 941 603 1025 ieiuniorum
627 943 792 1024 septimana
814 945 917 1026 coepit
941 940 1015 1004 fons
1036 956 1058 1003 r.
1085 944 1135 1005 dre
1157 965 1249 1007 xvm.

138 1029 251 1089 mensis
273 1020 447 1102 Februarii,
471 1027 522 1110 qui
547 1046 582 1089 oo
602 1042 679 1088 auno
699 1042 787 1090 xrrx.
805 1029 869 1089 dies
888 1020 995 1090 babuit
1015 1029 1054 1088 nb
1070 1029 1247 1106 bissextum,

138 1114 295 1175 desinebat
317 1134 355 1175 ue
382 1113 415 1174 in
441 1112 626 1175 Dominicsru
650 1118 843 1195 sequentem,
864 1126 953 1178 xxiv.
974 1114 1109 1195 ejusdem
1129 1116 1248 1178 mensis.

139 1199 228 1285 Quae
242 1135 361 1280 quiiem
379 1199 529 1279 quadrant
550 1199 673 1260 omnino
695 1216 765 1261 cuna
789 1201 926 1262 Marcelli
949 1194 1146 1279 Narratione,
1168 1201 1248 1261 acri·
1340 1182 1356 1201 s

137 1285 257 1363 bernis,
282 1284 625 1368 UraninrnEpiscopurn
645 1286 746 1366 Caput
760 1284 922 1347 S.³losnuis
942 1280 1097 1366 Baptistae
1119 1302 1158 1346 ex
1179 1287 1248 1348 loce

137 1367 195 1433 nti
210 1372 367 1431 inventum
383 1366 498 1449 iuerat,
518 1373 551 1432 in
566 1373 765 1434 secretarium
777 1366 913 1435 sttniisse
929 1366 978 1432 die
990 1373 1147 1432 Dominica
1159 1392 1248 1439 xxar.

139 1455 277 1539 ejusdem
291 1456 445 1518 Februarii
461 1457 581 1519 mansis.
624 1457 687 1518 Alia
710 1458 824 1541 qnippe
844 1454 904 1520 init
924 1457 1022 1518 media
1043 1456 1249 1536 Quadragasi-

137 1563 206 1603 mae
219 1543 387 1625 septimana
403 1545 487 1690 aqud
503 1545 651 1621 Graecos,
673 1545 711 1605 ab
733 1566 768 1605 ea
786 1564 878 1625 quarn
895 1542 995 1605 Latini
1013 1542 1175 1604 Medianum
1188 1556 1249 1604 vc·

2 1648 4 1679 τ
135 1634 235 1705 cant,
266 1644 335 1689 oum
363 1648 424 1710 opu
468 1630 601 1690 Graecos
633 1629 685 1691 illa
712 1630 753 1691 sit
781 1646 860 1710 quse
880 1628 1054 1693 Medianarn
1072 1622 1248 1703 Latinorum

3 1734 8 1792 ᾗ
136 1713 304 1860 praecedit.
349 1715 617 1814 Qqadragesimem
649 1714 764 1796 quippe
777 1715 815 1813 ’it
844 1715 1042 1817 auspicantur
1063 1730 1080 1773 a
1103 1710 1191 1817 Foris
1214 1712 1249 1778 π’.

162 1815 363 1879 exegestmae,
384 1810 427 1861 sta
441 1810 478 1861 ut
497 1818 603 1873 revera
617 1820 680 1860 vm.
706 1808 882 1881 septimanas
896 1801 950 1860 tlla
962 1806 1099 1879 constet,
1122 1816 1249 1879 querum

1 1907 3 1912 ¹
136 1895 248 1967 quarte
277 1884 433 1947 Domioios
459 1886 589 1948 mediam
612 1885 867 1965 Quodnagesirnee
896 1883 1044 1961 coniicit,
1067 1900 1156 1964 qnae
1178 1883 1248 1945 idco

1 2369 2 2372 ,
135 2308 213 2374 sima
236 2310 276 2374 ad
299 2312 379 2374 diem
399 2330 499 2375 xxm.
522 2315 669 2393 refertur,
692 2310 745 2393 qui

133 1968 216 2053 ’μέση
232 1974 468 2052 torennensis,
490 1980 522 2032 et
533 1965 753 2053 μεσονήστιμος
767 1960 957 2052 appelletur(
986 1964 1062 2030 nam
1082 1969 1163 2050 apud
1180 1990 1249 2030 eos·
1345 2008 1353 2023 .

137 2054 210 2117 deni
225 2054 376 2135 Graecos,
398 2060 528 2118 streete
542 2055 686 2118 observat
701 2055 846 2134 ultanus,
869 2052 996 2136 qnaeris
1010 2055 1174 2135 septimane
1192 2068 1250 2114 noa
1310 2076 1321 2101 .

1 2167 2 2190 ι
136 2156 207 2202 meu
231 2140 344 2226 accipit
367 2160 384 2204 s
408 2139 546 2224 sequenti
566 2140 739 2204 Dominica:
760 2142 843 2224 qnod
859 2141 949 2203 etism
965 2139 1105 2202 firmetur
1118 2146 1162 2202 'ex
1180 2142 1259 2200 Ka·-⁴

1 2257 2 2289 2
133 2225 275 2289 iendario
290 2224 470 2312 Aethiopico
490 2223 572 2310 apud
589 2228 774 2308 Scaligerum
813 2229 846 2288 in
867 2242 929 2309 quo
952 2228 1049 2288 madia
1070 2226 1248 2305 Quadrsgs⁴
1361 2219 1393 2313 '⁶

768 2272 852 2374 ibon
876 2314 996 2389 Otiosti,
1026 2328 1066 2374 ert
1085 2306 1249 2391 Evangelio

136 2392 200 2460 die'i
216 2395 400 2480 sppeliaturs
445 2397 491 2461 Etr
504 2392 615 2481 quibus
631 2400 755 2475 omuino
771 2388 932 2459 coniicitur
949 2397 1029 2458 banc
1041 2397 1250 2458 inventionem

16 2556 18 2565 y
137 2486 300 2566 contigisse
320 2502 402 2546 annu
417 2482 530 2546 Christi
546 2482 730 2567 Dionysiano
752 2498 844 2546 oncis.
861 2498 922 2545 nen
943 2496 1018 2545 vero
1036 2480 1191 2562 sequenti,
1214 2490 1252 2542 nt

134 2568 220 2632 nelle
238 2571 384 2632 videntur
404 2567 596 2633 Marcellinus
619 2570 726 2633 Comes
742 2579 773 2631 et
793 2571 909 2631 Auctor
927 2564 1251 2630 chronici-Psacbalis.

136 2657 201 2718 Nec
215 2658 309 2718 refert
324 2657 409 2737 quod
422 2656 498 2718 haec
510 2658 649 2719 inventio
664 2657 702 2718 ad
716 2656 917 2719 Indictionem
932 2675 974 2716 vr.
991 2677 1009 2715 a
1024 2654 1199 2714 Mnceltioo
1219 2659 1251 2713 et

136 2740 272 2804 Auctore
286 2736 432 2803 chronici
442 2736 605 2805 referatur:
622 2738 656 2813 id
672 2745 751 2804 eninr
765 2741 992 2821 intelligendum
1007 2734 1047 2800 de
1053 2738 1252 2800 consistione

137 2823 275 2910 eiusdem
299 2825 412 2911 Capitis
437 2830 467 2893 S.
481 2830 604 2890 loannis
623 2844 663 2891 ex
685 2824 874 2905 secretario,
894 2825 951 2887 nbi
969 2826 1101 2908 primitur
1122 2823 1251 2906 depost*

134 2921 205 2974 turn
225 2915 323 2977 tuerat
331 2957 342 2989 ‚
364 2912 396 2974 in
408 2914 622 2977 Monssteriutn
637 2913 756 2998 Spalaei
771 2914 958 2998 appellatum
966 2958 976 2990 ,
998 2929 1035 2973 ac
1045 2920 1150 2994 postea
1164 2908 1252 2971 aedi-

135 2996 279 3076 ficatum,
302 3016 394 3080 quarn
413 2996 524 3061 iactant
546 2996 640 3063 laissa
660 3018 749 3064 xm.
771 2999 882 3062 mensis
900 2996 1058 3077 Octobris,
1081 2988 1193 3058 indict.
1206 3015 1251 3056 π.

137 3101 218 3145 anno
232 3080 702 3169 (syromacedonum)uooaxu1.
716 3096 801 3149 recte
815 3085 923 3147 scribit
937 3085 1052 3145 Auctor
1061 3080 1249 3145 narrationis
1271 3084 1295 3141 V
1311 3084 1365 3143 510

136 3171 228 3233 istius
239 3171 443 3246 Inventione,
466 3172 588 3237 anobis
603 3173 675 3232 olim
695 3172 803 3232 editus.
847 3170 971 3252 Quippe
990 3180 1052 3231 tem
1075 3170 1135 3229 oris
1154 3166 1252 3249 pleri·-

138 3274 200 3338 que
225 3253 414 3317 characteres
443 3255 595 3335 quadrant
617 3256 649 3317 in
675 3270 788 3316 annum
809 3275 902 3317 cumr.
950 3254 1026 3315 Nam
1049 3190 1183 3315 indictio
1204 3271 1250 3314 vt.

138 3358 240 3403 mense
269 3338 398 3404 Octobri
420 3338 482 3401 boo
509 3352 589 3402 enno
622 3338 745 3419 extitit,
788 3350 819 3402 et
845 3348 941 3400 annus
969 3337 1251 3419 Syromscedonutn

92 3454 100 3463 ·
136 3440 285 3490 nontin.
300 3427 361 3488 hoo
374 3428 441 3507 ipso
454 3442 555 3487 mense
569 3424 688 3488 initian
703 3423 840 3507 sumpsit.
885 3423 1023 3499 Qoadrut
1040 3425 1131 3484 etiarn
1148 3422 1252 3503 (quic-

139 3513 215 3597 quid
235 3510 317 3573 dicat
331 3508 465 3593 Scaliger
481 3514 513 3572 in
536 3504 681 3574 Canonib.
700 3511 861 3591 isagogicis
881 3522 949 3592 pag.
965 3505 1051 3594 sot.)
1070 3520 1168 3569 ‘annus
1187 3507 1252 3566 An·

136 3594 297 3660 tiocbentrs
310 3614 352 3663 tn.
370 3600 422 3681 qui
440 3596 536 3660 inibat
552 3610 568 3658 e
585 3610 686 3660 mense
700 3592 789 3659 Maio.
833 3596 873 3659 at
885 3595 918 3656 in
940 3610 1018 3655 tnnc
1039 3604 1056 3654 t
1079 3596 1110 3656 S.
1127 3588 1251 3654 ioannis

136 3678 293 3764 Baptistae
304 3685 413 3763 caede,
436 3700 514 3765 quae
533 3682 660 3765 contigit
676 3696 757 3746 auno
778 3676 893 3743 Christi
906 3698 995 3743 xxxi.
1020 3680 1149 3760 Augusti
1161 3692 1251 3741 xtra.

138 3769 179 3833 ad
197 3791 311 3839 annum
333 3791 394 3853 quo
413 3771 496 3833 illius
516 3771 616 3852 Cuput
635 3771 792 3832 inventum
815 3768 943 3845 volunt,
965 3776 1067 3829 mense
1087 3760 1251 3827 retronis

138 3865 219 3919 anno
234 3870 321 3923 nntn.
364 3862 429 3916 utat
443 3856 558 3921 Auctor
572 3854 715 3918 Chronici
731 3873 827 3917 annos
841 3868 954 3916 com.
967 3851 1079 3932 quibua
1092 3851 1119 3912 n
1131 3851 1251 3912 addan-

133 3950 193 4002 tur
213 3954 302 4003 mr.
324 3874 403 4002 liant
424 3938 496 4002 anni
517 3954 616 4003 contu
637 3938 795 4004 manifesto
824 3952 938 4001 erroro.
981 3936 1112 3999 Proinde
1140 3946 1176 3996 ut
1198 3934 1252 3995 bic

83 4031 86 4035 ’
131 4026 390 4087 'characterismus
412 4040 481 4088 cutn
504 4027 630 4097 sanans
652 4024 801 4108 quadret,
822 4038 880 4109 pro
900 4017 973 4087 ceti.
993 4022 1153 4100 legendnm
1171 4015 1250 4084 uttu‘.

134 4130 237 4195 prona
257 4111 481 4190 emendatione,
502 4116 539 4174 tit
557 4110 610 4174 flat
634 4124 730 4175 sunus
750 4118 842 4173 cunti.
857 4108 963 4171 rosera
983 4110 1099 4170 scilicet
1113 4105 1251 4167 Octobri.

140 4194 233 4273 Quod
250 4214 322 4267 vero
338 4194 513 4259 Marcellino
526 4186 637 4259 (tonui
658 4208 689 4261 et
706 4197 830 4260 ductori
851 4190 999 4257 Obsonici‘
1011 4186 1166 4255 Puscbalis
1184 4184 1252 4251 ital·

136 4278 332 4346 iuciuatiouis
347 4282 534 4345 occasionem
549 4280 707 4367 prisebuit,
731 4281 765 4353 id
778 4274 854 4359 ruit,
865 4281 961 4369 *quod
977 4279 1184 4340 inventionem
1193 4277 1252 4334 (ia-

137 4362 214 4452 pitis
229 4373 260 4435 8.
271 4364 394 4435 tornois
408 4368 561 4451 baptistae
582 4382 651 4432 ntra
670 4366 755 4431 illins
770 4366 979 4429 Translations
990 4365 1023 4426 in
1036 4362 1251 4427 nonasterium
