2992 4894
271 276 320 350 ω
540 266 544 274 ’
673 224 982 335 enarrarre.

103 454 302 509 Illinssnotov
355 446 394 505 X.
437 441 652 522 Quoadigitur
666 451 794 511 totamm
814 443 947 505 auctoris
964 442 1122 521 Chronici,
1146 463 1217 505 cum
1230 463 1292 505 non
1300 452 1377 505 utus

122 538 168 579 Μ’
186 525 253 579 ‘¹⁰⁰³
271 531 405 593 extiterit
420 551 438 589 a
452 548 514 609 quo
530 529 737 591 elucubratum
762 530 873 611 inerit,
896 539 1013 590 constat
1033 530 1141 612 saltem
1158 531 1260 604 illum,
1283 550 1376 610 aquo

120 596 189 648 “m''
203 596 252 677 ‘ui'
270 617 308 677 sd
321 617 493 677 Heraclium
505 614 687 697 perductum
709 625 770 694 est,
790 636 851 676 non
872 636 935 677 esse
951 617 1047 677 totius
1067 615 1165 696 operis
1186 617 1376 696 scriptorem,

103 663 267 727 Constantio,
429 702 435 715 .
632 701 639 714 .
969 702 988 715 ,.
1160 701 1167 715 .
1332 701 1338 714 .
1369 702 1376 715 .

121 734 190 787 ,lm
203 734 251 786 „b
269 703 322 762 sed
348 702 491 776 alienus,
521 700 605 781 qnod
629 721 662 759 m
686 720 796 762 annum
823 702 990 763 Constantn
1016 722 1093 762 xvir.
1117 722 1170 781 qm
1198 712 1245 762 est
1270 699 1379 763 curan

121 801 245 856 Heraclio
268 804 386 850 numer.
407 787 544 857 desierit,
569 786 812 857 continuatorem
835 796 866 847 et
886 787 1144 866 interpolatorem.
1185 787 1378 848 Iddocemur

41 872 46 885 ’
138 871 216 928 vixit·
248 870 445 957 ¹praesertim
466 894 505 932 er
521 872 687 931 doctissimi
704 873 852 933 Holstenii
876 873 1156 946 observationibus,
1183 892 1259 953 quas
1276 871 1379 933 Codici

269 981 328 1020 suo
342 958 484 1021 Chronici
498 957 694 1017 Alexandrini
710 958 793 1020 edito
812 958 939 1019 subinde
955 958 1108 1030 affixerat,
1128 957 1214 1018 hisce
1233 957 1274 1019 ad
1294 978 1379 1038 prse-

271 1046 383 1108 dictum
409 1063 520 1105 annum
544 1045 726 1121 Constantii,
754 1043 917 1124 posthaec
940 1045 1049 1120 verba,
1078 1044 1169 1107 εἰδῶν
1189 1037 1378 1125 Αὐγούστου,

271 1132 448 1210 adscriptise
463 1126 528 1189 Hie
538 1127 625 1190 desiit
635 1145 739 1193 auctor
752 1125 971 1192 CHRONICI
981 1125 1246 1213 PASGHALIS,
1264 1144 1380 1191 coetero

270 1233 339 1278 sunt
361 1215 590 1279 continuatoris.
641 1215 676 1274 Id
696 1226 777 1277 certe
806 1216 1009 1278 subodoratus
1029 1214 1127 1275 fuerat
1146 1215 1195 1275 vir
1216 1214 1379 1275 admodum

268 1323 363 1381 sagax
376 1299 555 1361 Franciscus
569 1299 723 1376 Pithoeus,
745 1300 798 1382 qui
814 1301 923 1373 dehoc
942 1300 1092 1360 Chronico
1106 1300 1202 1361 verba
1215 1299 1327 1360 faciens
1336 1297 1379 1382 ²),

269 1389 369 1453 aiebat
384 1387 462 1446 illud
477 1385 575 1447 videri
596 1388 741 1467 scriptum
764 1387 872 1448 ultimo
889 1388 988 1465 Magni
1004 1386 1192 1447 Constantini
1208 1407 1304 1463 anno,
1327 1385 1381 1446 Fe·

267 1474 381 1534 lieiano
398 1483 430 1533 et
445 1472 570 1533 Tatiano
585 1473 667 1533 Coss.
712 1472 786 1534 Inde
806 1494 877 1551 ergo
899 1468 1053 1551 colligitur
1074 1472 1207 1552 primum
1228 1481 1381 1531 auctorem

270 1558 420 1621 Paschalii
439 1558 552 1618 vixisse
574 1558 655 1619 eirea
673 1568 810 1639 tempora
831 1558 1012 1633 Constantii,
1043 1559 1154 1638 quibus
1179 1556 1281 1619 adhuc
1301 1557 1382 1635 vige-

270 1646 344 1706 bant
361 1645 399 1704 de
426 1642 577 1705 Paschalis
598 1644 781 1705 Festivitatie
806 1644 855 1705 die
879 1645 1118 1706 controversiae:
1145 1663 1223 1723 quse
1243 1663 1314 1702 cum
1334 1662 1383 1703 re-

271 1731 464 1791 maduissent
483 1731 539 1789 sub
555 1728 767 1806 Heraclio,‘ut
792 1730 872 1791 insse
894 1731 1107 1803 observamus,
1130 1730 1318 1790 occasionem
1337 1727 1384 1787 al·

270 1818 329 1878 teri
352 1817 546 1897 praebuerint
564 1815 707 1877 Paschala
728 1814 811 1877 istud
834 1815 1006 1879 Chronicon
1023 1814 1142 1896 pridem
1165 1815 1383 1894 conscriptum,

269 1902 435 1983 Scriptoris
445 1901 610 1962 insistendo
626 1901 854 1982 computisticae
874 1901 1000 1975 rationi,
1024 1901 1066 1961 ad
1079 1921 1134 1963 sue
1154 1920 1249 1980 usque
1264 1910 1384 1979 tempo-

265 2008 303 2048 ra
323 1988 524 2069 perducendi,
546 1998 635 2068 atque
656 1988 732 2049 adeo
754 1987 887 2068 priorem
905 1986 984 2047 hanc
1006 1986 1169 2049 editionem
1190 1986 1319 2051 subinde
1336 1984 1384 2044 in·

267 2072 460 2153 terpolandi,
493 2073 565 2142 dum
585 2093 638 2133 sua
659 2076 710 2134 vel
732 2074 832 2159 aliena·
848 2073 1043 2135 intermiscet.
1087 2071 1175 2133 Prius
1191 2072 1275 2132 istud
1288 2069 1385 2135 Chrv·

267 2160 359 2216 nicon
377 2157 456 2219 vidit
478 2159 668 2235 Holstenius,
699 2170 729 2219 et
754 2168 900 2238 quantum
922 2159 1074 2239 conjicere
1090 2157 1187 2232 licet,
1210 2177 1249 2217 ex
1272 2155 1385 2216 Codice

264 2243 328 2303 MS.
343 2264 447 2323 quem,
469 2255 504 2304 ut
519 2265 558 2305 ex
570 2246 606 2306 V.
622 2247 654 2305 G.
668 2245 806 2306 Emerico
819 2245 938 2323 Bigotio
957 2244 1136 2316 didicimus,
1158 2241 1260 2301 Abbes
1275 2241 1313 2301 de
1327 2241 1385 2311 Fe·

265 2329 332 2388 rina
346 2330 468 2389 Siculus
482 2330 555 2408 Regi
570 2330 728 2391 Catholico
740 2331 776 2389 ab
791 2330 932 2390 Oratorio
949 2328 1210 2406 Constantinopoli
1219 2346 1383 2407 ‚compera-

189 2424 194 2431 ’
264 2424 361 2492 verat,
382 2414 501 2496 ipsique
516 2418 791 2476 communicaverat
801 2415 848 2494 ²).
871 2415 953 2475 Illud
969 2413 1078 2477 deinde
1092 2432 1160 2472 cum
1175 2412 1309 2474 editione
1324 2414 1384 2477 ua-

265 2500 391 2560 deriane
411 2500 490 2558 idern
514 2500 850 2572 llolstenius'contulit3
878 2500 971 2560 variis
990 2497 1030 2561 ad
1050 2497 1199 2575 margines
1221 2498 1384 2578 adscriptis

267 2583 462 2653 lectionibus,
484 2584 547 2642 suis
565 2584 654 2645 etiam
673 2584 828 2645 interdum
844 2584 978 2645 admistis
997 2577 1253 2645 emendationibus
1267 2594 1299 2647 et
1312 2604 1384 2644 con-

266 2669 409 2750 jecturis:
436 2669 490 2729 ubi
514 2688 591 2748 quae
612 2669 739 2729 subinde
765 2679 853 2730 erant
876 2671 989 2735 inserta
1012 2670 1049 2728 ab
1071 2670 1307 2750 interpolatore,
1329 2669 1384 2730 de·

270 2764 415 2833 erantque
434 2754 467 2813 in
492 2754 597 2832 eodem
625 2756 686 2815 MS.
708 2756 871 2836 exemplari
893 2756 1051 2836 diligenter
1072 2757 1236 2819 adnotavit.
1288 2756 1384 2830 Quin·

270 2840 361 2899 etiam
375 2840 407 2899 in
421 2840 539 2919 reliqua
555 2840 695 2921 deinceps
711 2840 853 2902 Chronici
866 2852 955 2922 parte
974 2841 1194 2913 emendationes
1208 2858 1248 2903 ex
1262 2840 1383 2920 ingenio

270 2925 390 3005 adjecit.
434 2926 520 3000 Quae
544 2926 665 3006 quidem
688 2928 786 2988 omnia
806 2928 838 2989 in
851 2929 943 2989 Notas
958 2938 1075 2987 nostras
1088 2929 1261 3004 retulimus,
1284 2928 1383 3006 eique,

271 3020 306 3070 ut
319 3030 374 3090 par
389 3020 449 3086 est,
471 3012 703 3094 adscripsimus,
725 3023 792 3073 tum
806 3034 844 3073 ne
859 3014 950 3075 alium
963 3014 1099 3074 dicamur
1114 3014 1297 3093 suppilesse,
1317 3022 1385 3091 tum

194 3135 204 3147 -
271 3096 356 3174 quod
376 3096 435 3156 viri
457 3097 659 3179 undequaque
680 3098 846 3160 doctissimi
873 3100 906 3159 in
929 3121 963 3159 re
983 3101 1116 3160 literaria
1138 3099 1250 3180 adepte
1265 3098 1387 3178 pridem

267 3181 452 3242 existimatio
469 3192 499 3242 et
519 3186 683 3247 auctoritas
696 3187 853 3248 Lectorem
869 3186 902 3245 in
917 3186 997 3247 illius
1010 3184 1184 3247 sententiam
1197 3183 1280 3245 hand
1298 3202 1385 3262 aegre

271 3266 351 3324 forte
367 3266 538 3329 adduxerit.
584 3271 666 3344 Quin
685 3289 779 3351 porro
803 3273 994 3341 continuator
1009 3271 1150 3332 Chronici
1168 3271 1224 3330 suh
1241 3268 1385 3330 Heraclio
1477 3334 1478 3341 ἵ

270 3351 398 3427 vixerit,
420 3356 524 3433 negari
537 3356 600 3417 fere
614 3378 675 3417 non
689 3366 790 3437 potest
795 3403 805 3433 ,
828 3366 893 3418 tum
908 3358 993 3437 quod
1007 3358 1089 3418 Libri
1107 3357 1212 3417 titulus
1224 3355 1257 3415 in
1273 3355 1385 3415 Codice

273 3435 417 3500 Vaticano
440 3461 477 3500 ac
495 3441 527 3500 in
549 3442 645 3504 Codd.
666 3442 869 3504 Bibliothecae
894 3444 982 3522 Regis
1004 3442 1167 3519 Catholici,
1188 3441 1266 3501 illud
1283 3440 1316 3500 in
1333 3460 1384 3501 an·

264 3541 345 3582 num
369 3546 423 3584 xx.
447 3527 598 3602 Heraclii,
623 3529 673 3589 vel
692 3538 774 3589 certe
797 3530 829 3589 in
851 3528 933 3589 illius
959 3538 1096 3610 tempora
1115 3528 1250 3595 desinere
1265 3527 1383 3601 innuet,
1477 3550 1478 3565 ¹

197 3591 338 3666 1²9tum
351 3609 434 3688 quod
455 3632 532 3690 quae
553 3613 590 3672 de
604 3614 710 3675 eodem
722 3617 878 3693 Angusto,
901 3617 1026 3695 ejusque
1045 3614 1135 3692 gestis
1148 3621 1327 3689 narrentur,
1350 3629 1385 3670 ao

193 3660 219 3715 v
269 3691 400 3772 denique
421 3700 593 3779 exscriptae
616 3700 798 3780 prolixiores
822 3701 967 3780 epistolae
982 3701 1021 3761 ad
1036 3701 1197 3777 Persarum
1211 3701 1322 3777 Regem
1336 3694 1386 3757 vel

270 3779 461 3858 Toparchas,
484 3793 574 3863 atque
596 3784 671 3845 adeo
686 3786 908 3866 descriptorum
922 3787 954 3847 in
972 3787 1046 3846 actia
1059 3785 1194 3866 puhlicis
1206 3785 1273 3865 ejus
1288 3784 1384 3863 Impe-

270 3864 308 3923 rii
321 3875 352 3925 et
374 3865 428 3925 filii
445 3868 631 3930 Constantini
653 3893 800 3933 annorum
821 3880 960 3933 accurata
982 3872 1113 3948 notatio,
1134 3880 1164 3931 et
1185 3870 1269 3951 quod
1283 3869 1384 3951 ipsum

272 3948 447 4013 Heraclium
466 3952 558 4052 alpais.
577 3958 703 4039 βασιλέα
724 3968 830 4036 vocet,
855 3958 888 4018 id
902 3956 1189 4020 suadeantomnino.
1232 3954 1327 4036 Atqui
1340 3963 1384 4013 te·

308 4221 318 4252 ,
379 4221 386 4237 .

308 4221 341 4359 ’i
356 4222 603 4368 iiiiliiaiiiii
621 4298 723 4355 tune
739 4297 774 4353 aa
791 4297 861 4353 mse
878 4299 990 4370 enne.
1009 4316 1036 4368 p.
1053 4302 1079 4356 e.
1131 4336 1135 4345 ,
