3026 4900
275 338 352 418 682
535 399 540 411 ,
667 334 948 403 ,ΝΟΤΔΕ

271 570 274 581 ,
310 548 323 569 .,
342 566 345 575 ,
363 508 432 581 Peg·
456 504 528 572 479.
551 506 581 566 7.
618 498 798 583 Ἰουμιλίου]
829 500 910 565 Festi
937 499 1015 566 ldat.
1036 501 1187 583 Humillio:
1215 498 1377 573 Se‘villlsui

273 584 453 671 ομμούιον.
497 590 622 651 Senator
650 596 681 649 et
707 596 824 649 veteres
854 587 993 666 inscript.
1019 587 1152 663 Hercule,
1175 586 1225 647 vel
1245 585 1378 647 nonnus.

266 677 346 741 atis
366 691 464 754 nuper
485 673 566 735 edita
589 694 606 732 a
627 676 694 735 viru
719 671 892 735 doctissimo
920 673 1003 733 losa.
1025 672 1199 733 Mobillonio
1219 671 1250 729 in
1273 671 1379 731 ttinere

272 761 400 836 Italion,
420 760 565 829 Glabrione
586 766 611 819 et
633 759 762 819 Homolio
780 757 850 817 Coss.
870 759 1016 838 Prosper,
1037 758 1208 832 Victorius,
1229 755 1379 817 Marisms

271 856 308 909 et
334 846 469 923 Wigoru.
501 844 624 907 Romulo.
670 844 774 905 Quali·
788 845 923 905 meminit
952 843 1138 922 Capitolinus
1169 846 1202 903 iu
1221 842 1278 900 Pio
1299 850 1328 901 et
1348 841 1380 899 in

273 931 462 999 Alexandro.
507 930 584 994 vide
615 929 825 995 casaubonum
850 928 890 993 ed
917 929 1047 997 suadem
1074 949 1143 1010 pag.
1164 928 1216 995 54.
1240 936 1272 986 et
1292 927 1381 986 Nori-

273 1017 354 1080 sium
374 1036 441 1096 pag.
464 1019 515 1080 91.
1088 1017 1091 1024 ’

363 1106 435 1178 Pug-
455 1100 528 1165 479.
552 1104 601 1165 10.
646 1094 812 1181 Koppddou
832 1097 885 1162 aul
907 1097 1007 1178 Aen]
1029 1097 1215 1179 Capitolinus
1234 1097 1267 1156 in
1289 1097 1379 1158 Vero:

276 1192 345 1252 Post
361 1187 543 1256 Quaesturam
556 1188 649 1245 stetin
665 1185 724 1255 Gor.
734 1186 884 1265 forinseci
899 1184 1247 1246 eumScrtilioLoteruno.
1276 1226 1280 1233 .

286 1324 289 1331 .
363 1272 530 1348 Pag.t79.
555 1275 602 1334 11.
648 1265 789 1352 Σεβήρου
810 1266 844 1333 nl
868 1265 921 1350 sle]
961 1270 1093 1330 Delenda
1124 1268 1201 1329 haec
1227 1276 1300 1327 nota
1327 1287 1381 1325 uu·

276 1357 417 1430 merulis,
439 1375 507 1414 cum
531 1355 609 1417 absit
630 1377 647 1414 a
667 1357 765 1417 Fastis
787 1356 878 1417 ldatii
898 1365 930 1419 et
951 1356 1033 1426 eliis,
1056 1355 1092 1437 ⁷in
1114 1354 1223 1432 quibus
1244 1352 1278 1413 tn
1302 1353 1381 1417 Coss.
1487 1384 1488 1391 κ

275 1442 320 1513 ita
342 1442 544 1505 nominantur.
588 1440 724 1501 Sabinum
747 1448 773 1501 et
793 1442 920 1503 Severum
942 1440 1030 1511 Fasti·
1046 1439 1215 1501 Savilliaui:
1245 1438 1382 1501 Venno
1409 1458 1412 1465 ·

277 1526 410 1586 Sabinum
431 1525 542 1584 habent
566 1526 711 1606 Prosper,
733 1526 899 1602 Victorius,
922 1529 1062 1589 Senator:
1095 1535 1250 1605 praeterea
1271 1525 1380 1584 Maria-

273 1632 350 1689 nus,
372 1611 425 1679 ubi
443 1610 521 1672 haec
543 1609 644 1688 addit,
667 1617 717 1691 qui
732 1612 857 1673 Caesaris
867 1620 1049 1693 praeceptores
1053 1610 1178 1690 mount.
1213 1609 1283 1669 Sed
1303 1608 1382 1668 unde

275 1696 412 1761 danunt
433 1696 556 1760 videant
580 1696 640 1755 alii.
744 1760 749 1767 ‚
854 1738 857 1749 .

361 1784 434 1844 ibid·
478 1780 654 1863 Σισβανοῦ]
680 1782 780 1842 Editio
803 1782 901 1859 Scalig
933 1784 1095 1863 Σιλβανοῦ.
1139 1780 1162 1839 F
1164 1780 1222 1839 esti
1244 1778 1381 1841 Savilliaf

274 1869 327 1945 ni,
356 1865 526 1942 Σουλιανὸς
555 1866 607 1929 nul
632 1861 798 1949 Αὕριανός.
843 1868 985 1931 Siluanum
1013 1875 1039 1927 et
1068 1869 1241 1944 Augurinum
1274 1864 1383 1926 habent

276 1955 396 2016 caeteri.
439 1953 517 2017 Vide
538 1953 688 2012 Norisium
710 1973 779 2033 pag.
805 1958 875 2018 197.
1385 1988 1387 1992 -

363 2043 436 2116 Peg.
458 2036 529 2103 479.
553 2039 602 2103 14.
646 2034 825 2121 Βαρβάρου]
848 2039 894 2098 lta
915 2038 997 2099 Fasti
1019 2037 1174 2098 Savilliani
1190 2047 1221 2098 et
1237 2037 1384 2117 Prosper:

275 2123 388 2186 caeteri
408 2125 560 2183 Barbatum
579 2123 694 2201 legunt.

365 2213 437 2285 Peg.
457 2207 530 2275 479.
555 2213 604 2275 16.
649 2204 863 2289 Πολῦκαρπος]
887 2209 932 2267 Ex
953 2209 1084 2269 Eusebio
1102 2209 1154 2267 lib.
1171 2228 1215 2267 rr.
1236 2229 1306 2287 cap.
1321 2226 1381 2265 xiv.

280 2295 319 2356 de
339 2295 427 2374 cujus
448 2293 587 2373 Martyrii
610 2313 690 2354 anno
713 2304 744 2354 et
766 2294 814 2354 die
830 2294 938 2355 'multis
966 2304 1092 2372 egerunt
1112 2294 1277 2370 Batonius,
1300 2294 1382 2352 Usse-

277 2380 360 2451 rius,
381 2380 537 2456 Petavius,
559 2379 746 2458 Halloixiua‚
771 2378 957 2451 Bucherius,
979 2378 1159 2456 Rodandos,
1182 2378 1304 2439 Heuric.
1327 2379 1383 2437 Va·

275 2466 389 2541 leuius,
417 2466 610 2540 Blendellus,
639 2465 766 2525 lacobus
795 2466 1030 2541 Grandamicus,
1061 2476 1090 2525 et
1111 2464 1274 2525 novissime
1295 2464 1381 2522 loan-

275 2571 329 2622 nes
351 2552 518 2613 Pearsonus
539 2551 570 2623 in
593 2550 717 2611 Dissert.
735 2571 769 2613 ιι,
789 2551 827 2610 de
850 2551 943 2609 Annis
964 2552 1101 2631 priorum
1121 2553 1236 2611 Romae
1260 2551 1384 2629 Epiaco·

275 2656 389 2716 porum
412 2657 479 2716 cap.
501 2657 553 2696 xv.
570 2655 636 2699 xvr.
658 2655 739 2698 xvn.
762 2648 793 2694 et
813 2656 902 2699 xvru.
925 2635 975 2694 ubi
998 2637 1166 2716 poetelius
1188 2634 1273 2694 hunc
1291 2635 1382 2694 Chro-

276 2721 339 2790 nici
362 2722 461 2781 locum
485 2720 653 2795 examinat,
686 2731 715 2781 et
736 2722 830 2783 multe
852 2721 890 2780 de
911 2721 998 2781 Talin
1023 2722 1179 2796 Quadrato
1202 2720 1385 2783 Proconsule

274 2806 410 2887 profert,
441 2827 477 2865 ac
506 2808 669 2867 lectionem
696 2806 798 2886 quoad
827 2806 907 2866 diem
936 2808 1073 2886 Martyrii
1106 2806 1156 2866 hic
1187 2805 1383 2883 designatum,

277 2911 367 2970 quam
396 2892 520 2970 quidam
546 2891 706 2970 vellicant,
732 2899 845 2951 tuetur.
889 2891 977 2953 Hunc
998 2893 1090 2973 igitur
1110 2892 1199 2952 adeat
1222 2892 1274 2972 qui
1296 2893 1384 2972 plura

276 2995 366 3039 nosse
387 2977 477 3037 volet.
546 3020 548 3024 -

366 3064 438 3136 Peg.
459 3062 532 3126 480.
554 3064 585 3128 8.
628 3067 676 3126 Εν
698 3055 920 3148 Προικονήσῳ]
949 3063 1061 3124 loeless
1091 3057 1164 3143 need
1193 3059 1227 3125 δὲ
1250 3057 1384 3145 Μάρκον

247 3206 249 3209 ,
278 3143 452 3226 ἐβασίλευσε
471 3147 611 3228 Σεβῆρος
630 3143 698 3222 υἱός
720 3142 817 3211 edroi
838 3148 889 3229 ἔτη
910 3142 950 3229 η’,
975 3146 1028 3211 sul
1049 3143 1166 3230 ἐσφάγη
1190 3148 1224 3211 ἐν
1251 3152 1385 3230 Housm-

276 3224 371 3316 νήσῳ.
414 3232 592 3292 Portentum
610 3234 729 3293 fabulae
748 3234 818 3315 jure
841 3235 989 3293 exclamat
1013 3234 1163 3312 Scaliger,
1193 3253 1261 3295 cum
1293 3236 1384 3293 Anto·

277 3315 385 3378 ninum
410 3317 493 3379 Loro
522 3319 612 3394 villa,
646 3340 702 3379 xu.
736 3320 773 3379 ab
807 3321 883 3381 urbe
911 3319 1052 3379 milliario
1081 3329 1234 3379 mortuum
1263 3320 1384 3378 tradant

278 3401 465 3482 Scriptores:
501 3405 552 3463 cui
580 3402 701 3484 qnidam
730 3405 815 3464 eliud
849 3405 972 3487 adjungi
1001 3404 1151 3483 potuerit,
1183 3404 1265 3483 quod
1295 3404 1384 3471 habet

277 3487 419 3568 Scriptor
447 3490 573 3568 Spurius
595 3491 683 3551 Vitae
704 3493 733 3551 S.
755 3491 864 3551 Meletii
886 3512 915 3551 n.
938 3510 1041 3551 cxxxi
1066 3490 1118 3549 ubi
1140 3489 1326 3550 Antoninum
1353 3490 1383 3548 in
1493 3562 1494 3571 ἵ

259 3573 416 3653 ,Aegypto
445 3575 571 3638 fulmine
598 3577 798 3640 exanimatum
823 3576 938 3643 scribit,
982 3575 1040 3635 Sed
1063 3575 1171 3636 mendo
1201 3575 1282 3657 apud
1302 3577 1385 3635 Scri·
1493 3574 1494 3577 ’

276 3667 397 3739 ptorem
429 3658 570 3720 chronici
597 3662 699 3722 locum
728 3661 813 3722 dedit
844 3663 923 3722 male
952 3661 1106 3725 intellecta
1134 3662 1183 3721 vel
1212 3661 1292 3721 lecte
1313 3680 1384 3724 vox.

276 3742 329 3801 Sic
351 3745 431 3803 enim
454 3745 603 3824 Georgius
624 3746 817 3808 Hamartolus
839 3758 871 3808 et
892 3747 1038 3826 Georgius
1061 3744 1226 3808 Monachus
1243 3748 1276 3807 in
1290 3746 1384 3807 Chro-

277 3826 356 3887 nicifl
383 3828 465 3891 MSS·
494 3827 568 3910 μετοέ
596 3827 630 3894 δὲ
660 3828 795 3914 Μάρκον
824 3831 995 3915 ἐβασίλευσε
1018 3836 1120 3915 Βῆρος
1146 3830 1256 3906 tivido
1278 3828 1383 3909 αὐτοῦ,

278 3910 330 3991 ἔτη
350 3906 387 3993 η’.
409 3912 462 3975 καὶ
483 3910 600 3999 ἐσφάγη
622 3916 655 3981 ἐν
677 3916 852 4002 Προκένσῳ.
896 3918 979 3991 Quid
1001 3927 1101 3977 autem
1121 3916 1198 3977 haec
1219 3938 1281 3977 vox
1296 3919 1383 3997 sigui·

277 3995 348 4056 ficet
380 3995 521 4059 docemus
549 4001 583 4059 in
608 4012 739 4081 utroque
764 4003 933 4063 Glossario:
965 4004 1165 4081 nequeenim
1188 4002 1272 4064 aliud
1296 4012 1383 4063 sonat

278 4102 369 4163 quem
390 4083 492 4144 vilano
535 4086 586 4146 Sic
607 4086 856 4168 Antiquariorum
885 4098 982 4151 errata
1004 4089 1210 4169 scriptoribus
1230 4090 1306 4169 ipsis
1324 4088 1383 4148 ad-

168 4176 260 4234 P538
279 4165 371 4228 scribi
400 4188 544 4251 persaepe
576 4173 682 4232 solent.
726 4175 766 4234 At
792 4184 922 4255 uterque
951 4176 1099 4254 Georgius
1127 4184 1157 4236 et
1183 4175 1280 4234 loeles
1304 4173 1382 4233 Vero

279 4251 456 4314 adscribunt
482 4257 562 4337 quod
587 4258 688 4320 Marco
710 4261 867 4325 convenit:
894 4260 1005 4323 Verum
1028 4262 1105 4329 enim
1129 4260 1221 4320 Altini
1242 4259 1383 4323 Venetiae

278 4339 353 4399 urbe
374 4353 587 4424 consumptum
607 4346 732 4407 uadunt
752 4346 814 4408 elii.
859 4345 942 4407 Haec
969 4367 1064 4427 porro
1084 4346 1220 4437 noudum
1240 4346 1297 4409 sub
1321 4366 1381 4406 ma·
