2992 4894
225 264 277 339 56
396 298 398 305 ι
634 257 941 327 PRAEFATIO.

228 441 349 498 rentur:
375 453 416 497 ,ac
431 429 560 510 deniqne
576 428 658 490 aliud
671 429 709 490 sit
724 440 827 507 notas,
847 429 931 492 aliud
948 432 1176 495 commentarios
1191 429 1334 495 scribere.

227 520 315 580 Unde
328 538 416 598 saepe
437 516 476 575 ad
489 515 702 594 Scaligerianaa
720 516 751 576 in
766 515 935 577 Chronicon
948 515 1084 593 Eusebii,
1106 537 1146 577 ex
1157 517 1335 597 quoplera-

228 625 288 685 que
300 604 350 665 vel
367 611 447 662 certa
460 601 590 682 plurima
601 600 703 663 bausit
716 601 857 682 scriptor,
879 602 1021 661 lectorem
1036 599 1239 677 amandemus,
1260 622 1333 662 curn

227 690 312 751 iniis
335 687 521 769 explicandis
535 688 582 746 vir
606 687 767 747 omniscius
790 686 865 747 nibil
885 686 1035 763 omiserit,
1056 687 1166 766 quibua
1181 690 1270 748 etiem
1284 708 1336 747 eas

228 774 340 836 addere
362 775 471 835 Lector
488 771 602 852 poterit
624 793 697 853 quaa
718 771 868 834 arnaldus
889 773 1038 832 Pontacua
1058 771 1191 851 ejusdcm
1211 772 1336 832 Eusebii

229 859 378 922 Chronico
401 857 553 932 subdidit,
583 866 665 918 utet
686 857 725 916 ad
745 857 918 935 Patavium,
949 855 1118 934 salianum,
1140 866 1336 936 caeterosque

229 944 375 1027 ejusmodi
394 964 496 1005 rerum
514 940 798 1020 Chronologicarum
819 942 953 1002 eruditos
966 952 996 1002 et
1010 951 1165 1002 accuratos
1180 951 1336 1002 scrutato·

229 1052 296 1107 res,
319 1050 358 1090 ex
373 1030 481 1109 quibus
497 1027 522 1086 ai
540 1026 614 1106 quid
628 1029 714 1088 naevi
731 1036 784 1088 aut
798 1027 1051 1102 dubii'auboleat,
1075 1028 1158 1089 illius
1177 1027 1336 1087 enodatio·

229 1138 298 1177 nem
310 1114 432 1174 haurne
447 1112 546 1193 quivis
561 1113 648 1173 facile
662 1112 766 1194 possit
809 1113 975 1192 Scriptores
988 1113 1100 1193 quippe
1117 1112 1170 1190 qui
1183 1113 1337 1173 universa-

228 1202 290 1263 lem
304 1198 460 1260 historiam
481 1197 666 1276 aliquatenus
687 1198 943 1278 complectuntur,
967 1196 1134 1278 cujusmodi
1159 1209 1231 1258 sunt
1244 1196 1336 1258 Chro-

230 1286 352 1362 nologi,
388 1285 441 1364 qui
462 1283 676 1364 prolixioribus
699 1283 924 1345 Commentariis
945 1282 1092 1343 adornare
1114 1282 1336 1360 aggrederetur,

231 1390 485 1452 supervacaneam
498 1388 533 1427 ac
547 1370 681 1445 inanem,
703 1368 753 1428 vel
767 1378 846 1428 certa
856 1369 1057 1449 importunam
1073 1367 1190 1428 luderet
1203 1388 1335 1447 operam,

231 1456 279 1516 uti
299 1475 395 1534 nuper
417 1454 586 1523 monuimus
606 1454 638 1512 in
651 1454 838 1514 Praefatione
856 1453 894 1513 ad
911 1454 1032 1513 loannis
1048 1453 1181 1512 Zonaras
1195 1452 1334 1528 Annales,

234 1561 305 1601 eum
319 1560 395 1619 quae
407 1541 429 1600 ii
443 1540 474 1598 in
488 1548 570 1598 tanta
582 1558 685 1599 rerum
699 1538 843 1598 varietate
856 1539 915 1599 levi
927 1559 1018 1599 manu
1036 1537 1174 1616 attigere,
1197 1538 1334 1617 pluribus

210 1619 213 1625 ’
232 1625 323 1704 longe
335 1625 434 1685 verbio
453 1625 613 1684 enucleare
623 1644 743 1684 necessa
755 1622 894 1695 haberet,
916 1632 946 1684 at
963 1622 1243 1683 commentariorum
1257 1623 1335 1682 mole

233 1710 393 1792 lectorem,
416 1709 501 1790 cujus
512 1708 640 1775 fastidiis
656 1710 864 1790 potiusquam
883 1710 1009 1770 aliorum
1025 1708 1160 1768 tarditati
1179 1727 1335 1769 occurren·

234 1795 307 1856 dum
320 1796 351 1855 in
364 1796 426 1855 boc
441 1815 546 1874 genere
562 1804 617 1870 est,
633 1796 753 1874 penitus
768 1795 917 1855 obrueret.
961 1795 1128 1874 Eapropter
1142 1793 1237 1853 multa
1252 1813 1336 1874 prae-

233 1881 416 1941 termisimus
429 1901 466 1940 ex
480 1880 518 1940 iis
533 1899 610 1958 quae
625 1881 752 1941 sortasse
766 1880 934 1959 potuissent
950 1878 1110 1954 illustrari,
1131 1888 1165 1938 ut
1179 1889 1250 1937 sunt
1263 1898 1335 1958 quae

234 1986 338 2025 aaaron
349 1966 445 2025 libros
463 1973 617 2044 spactant,
638 1975 730 2044 atque
750 1964 783 2023 in
802 1965 906 2045 primia
922 1964 1049 2024 Annales
1062 1963 1132 2023 illos
1148 1964 1336 2024 Ecclesiasti-

234 2070 287 2109 cos
303 2071 341 2110 ex
355 2049 448 2110 veteri
462 2050 668 2126 Testamenta,
689 2049 774 2128 quod
793 2049 824 2109 id
848 2050 1016 2126 argumenti
1039 2050 1131 2108 multa
1153 2069 1222 2108 cum
1239 2049 1338 2110 erudi-

233 2135 317 2194 tione
330 2134 449 2215 pridem
465 2143 682 2214 pertractatum
695 2134 734 2193 sit
750 2135 789 2194 ab
804 2134 932 2195 eruditio
944 2135 1026 2194 illius
1038 2134 1267 2212 interpretibus,
1288 2136 1339 2193 iis·
1411 2152 1418 2157 ·

234 2240 294 2299 que
310 2222 361 2298 qui
376 2220 446 2281 data
461 2239 553 2299 opera
567 2219 729 2281 Historiam
745 2221 868 2281 Sacram
884 2219 921 2280 ab
939 2219 1006 2300 ipso
1020 2219 1126 2280 mundi
1139 2219 1264 2279 conditu
1285 2239 1339 2300 per

234 2325 382 2371 annorum
400 2305 521 2381 seriem,
551 2304 599 2366 val
619 2304 707 2366 aliter
725 2318 796 2367 aunt
817 2306 984 2386 persecuti,
1014 2305 1068 2384 qui
1085 2303 1163 2365 nihil
1183 2304 1246 2364 fere
1264 2307 1341 2364 inta-

234 2400 317 2450 ctum
329 2391 378 2450 vel
391 2390 569 2449 intentatum
590 2391 752 2471 reliquere.
796 2389 842 2450 Ab
864 2389 901 2450 iia
923 2410 995 2450 vero
1016 2409 1093 2469 quaa
1110 2388 1340 2470 descriptionem

233 2475 320 2535 urbis
332 2476 695 2553 Constantinopolitanae,
717 2476 767 2535 vel
782 2475 863 2535 illins
883 2475 970 2534 aedes
985 2494 1021 2534 ac
1034 2475 1171 2552 regiones
1185 2483 1339 2556 spectant:

234 2569 326 2639 atque
346 2559 420 2618 adeo
441 2559 741 2633 aGraecobarbaris‚
764 2569 817 2618 aut
834 2560 988 2625 insolentis
1017 2560 1151 2619 notionis
1174 2561 1340 2637 vocabulis,

235 2645 346 2722 quibua
357 2644 468 2724 passim
482 2641 575 2703 hocce
589 2643 772 2722 inspergitur
786 2643 973 2721 Chroniccn,
995 2645 1184 2705 illustrandis
1203 2647 1254 2706 vel
1268 2665 1339 2705 eno-

235 2729 343 2787 dandis
363 2729 499 2788 conanlto
520 2728 734 2803 abstinuimus,
757 2749 825 2789 cum
850 2730 933 2791 aliud
956 2730 1033 2790 nihil
1050 2730 1143 2809 nobis,
1154 2740 1340 2807 occurreret,

234 2814 318 2889 quod
340 2813 370 2872 in
387 2813 644 2893 Constantinopoli
658 2812 841 2890 Christiana,
865 2825 895 2874 et
909 2816 940 2875 in
958 2817 1112 2876 Glossario
1127 2817 1239 2877 mediae
1253 2826 1283 2876 et
1294 2816 1341 2877 iu-

232 2895 320 2957 firnae
337 2897 515 2957 Graecitatis
538 2920 555 2958 a
578 2898 665 2959 nobis
685 2898 830 2960 haetenus
852 2900 940 2960 editis
952 2901 1135 2963 illustratum
1150 2901 1341 2980 velaxplica·

234 2989 300 3040 tum
323 3002 384 3041 non
401 2983 506 3058 fuerit,
535 3004 636 3042 rarum
667 3005 703 3043 ac
723 2986 882 3046 verborum
905 2986 1055 3045 duntaxat
1075 2987 1213 3046 consecto
1234 2986 1341 3062 indice,

236 3068 357 3144 quaein
376 3076 506 3146 utraque
525 3068 734 3128 lucubratione
755 3070 860 3150 plene,
882 3073 1006 3150 opinor,
1028 3080 1209 3150 pertractata
1233 3072 1341 3131 Lector

233 3151 372 3230 reperiet.
417 3151 501 3211 Notis
516 3155 627 3213 nostris
644 3154 742 3213 varias
756 3155 900 3214 lectiones
925 3166 954 3216 et
968 3155 1157 3234 conjecturas
1173 3156 1340 3221 eruditissi-

234 3235 277 3295 mi
299 3236 463 3314 Holstenii,
493 3258 619 3316 quarum
644 3258 735 3319 supra
762 3242 966 3315 meminimus,
997 3241 1125 3302 subinde
1152 3241 1340 3316 inseruimus,

235 3341 297 3399 quo
310 3320 387 3380 nibil
404 3324 619 3400 praeteriretur
636 3345 675 3383 ex
688 3323 724 3383 iis
743 3325 851 3404 quibus
867 3324 958 3385 hocce
975 3325 1145 3386 Chronicon
1158 3329 1254 3408 pessit
1269 3328 1340 3387 iliu-

235 3407 335 3464 strari.
379 3405 606 3488 Cbronolo'gicia
627 3429 701 3470 vero
722 3406 865 3488 calculis,
894 3410 947 3490 qui
968 3412 1103 3472 crebrius
1126 3413 1157 3471 in
1177 3434 1213 3472 ec
1230 3432 1340 3473 occur-

233 3500 307 3549 runt
328 3493 547 3572 expendendis,
569 3493 720 3554 interdum
746 3505 777 3556 et
790 3505 883 3577 prout
901 3516 932 3554 se
945 3515 977 3554 ae
991 3497 1103 3557 obtulit
1117 3499 1235 3558 occasio
1248 3498 1342 3556 inati-

128 3610 137 3646 Ι
232 3574 341 3652 timus,
365 3596 421 3635 nec
435 3586 535 3637 tamen
559 3600 695 3658 semper,
717 3587 782 3640 tum
802 3580 883 3661 quod
899 3578 976 3640 haee
996 3581 1092 3662 majus
1108 3583 1202 3642 otium
1217 3603 1254 3643 ac
1269 3582 1341 3642 dili·

238 3678 312 3736 gens
334 3681 456 3720 examen
478 3663 657 3741 efflagitent,
687 3666 795 3743 quibua
819 3666 1023 3727 examinandis
1045 3668 1205 3728 immorari·
1221 3638 1341 3728 miliae
1381 3674 1384 3677 ’

237 3743 347 3804 debera
368 3745 465 3806 visum
487 3758 550 3823 est,
573 3770 642 3808 cum
669 3751 740 3810 satia
761 3770 825 3809 ease
849 3751 1063 3813 arbitraremur
1083 3753 1109 3812 si
1130 3773 1207 3832 quaa
1222 3754 1262 3813 ab
1276 3753 1341 3813 aliis

236 3827 365 3889 subinde
381 3840 479 3890 essent
502 3832 535 3891 in
554 3832 633 3894 hanc
651 3855 714 3895 rem
728 3845 868 3896 annotata
887 3836 1034 3898 duntaxat
1048 3837 1271 3915 indicarentur,
1291 3838 1358 3898 via·

236 3915 428 3993 caeteroquin
446 3915 512 3975 aliis
525 3919 648 3994 relicta,
670 3939 730 3998 quo
752 3920 854 3999 ignota
876 3943 893 3981 e
912 3922 974 3982 suis
987 3924 1097 3983 loculis
1110 3924 1283 4004 proferant,
1306 3942 1340 3981 ac

147 3990 220 4048 ΠΤ
236 3997 274 4056 iia
288 4001 463 4077 praesertim
479 4007 531 4080 qui
547 4003 577 4063 in
588 4002 674 4067 bisce
686 4005 792 4064 studiis
808 4026 928 4087 operam
943 4027 1026 4067 suam
1043 4009 1241 4069 collocarunt.
1284 4002 1343 4069 Sed

237 4092 269 4142 et
285 4104 398 4162 neque,
421 4095 455 4146 ut
473 4087 619 4177 fateamur
640 4090 723 4170 quod
744 4111 794 4150 res
819 4100 879 4170 eat,
900 4113 1041 4152 numeros
1062 4094 1151 4154 toties
1170 4094 1343 4174 passimque

238 4167 408 4250 descriptos
430 4175 638 4253 scrupulosius
661 4172 698 4233 ad
725 4176 858 4236 calculos
879 4177 1108 4256 revocavimus,
1129 4180 1176 4243 vel
1192 4199 1230 4238 an
1250 4180 1282 4238 in
1296 4177 1342 4236 bis

238 4262 346 4314 auctor
359 4254 410 4315 vel
426 4257 614 4336 antiquarius
634 4260 822 4340 peccaverit,
846 4262 1098 4341 examinavimus,
1120 4273 1248 4345 utraque
1266 4263 1343 4323 dun-
