3028 4898
451 379 652 450 umonlcl
675 374 904 453 PASOEAUS.
1051 321 1054 327 ¹
1165 386 1238 461 163

126 546 204 611 201.
226 541 367 606 Muciano
389 553 420 607 st
439 546 578 610 Fabiano.

128 633 205 694 202.
228 629 340 690 Severo
358 630 409 692 llI.
431 642 462 694 st
483 633 645 697 Antonino.
1037 662 1040 667 ⁴
1194 628 1283 676 ⁰⁰¹¹*-

128 716 205 780 208.
226 714 385 776 Plautiano
406 718 443 778 Π.
465 728 495 779 et
520 721 605 782 Geta.

128 798 202 864 204.
225 798 349 862 Chilone
371 810 401 862 st
421 803 544 866 Libone.

129 883 204 951 205.
227 883 380 947 Antonino
402 887 439 952 11.
462 898 492 949 et
514 890 589 952 Geta
611 890 650 951 11.

127 973 202 1036 206.
224 969 333 1032 Albino
355 981 386 1033 et
407 973 561 1038 Emiliano.

87 1083 92 1093 ¹
127 1058 203 1119 207.
226 1054 310 1136 Apro
332 1066 364 1117 et
383 1058 524 1122 Maximo.

126 1142 203 1205 208.
226 1140 378 1203 Antonino
399 1143 451 1208 Ill.
474 1154 506 1207 at
526 1145 602 1206 Geta
623 1145 676 1208 lll.

126 1226 202 1292 209.
224 1226 407 1308 Pompeiano
429 1238 461 1292 et
482 1230 583 1294 Avito.

127 1311 201 1373 210.
222 1312 366 1373 Faustino
388 1324 419 1375 et
438 1314 558 1377 Rufino.

125 1396 200 1461 211.
224 1398 371 1460 Gentiano
394 1408 424 1460 et
439 1400 543 1462 Basso.

124 1490 201 1553 212.
225 1483 351 1544 Duobus
371 1483 488 1566 Aspris.

125 1576 200 1640 213.
226 1566 380 1633 Antonino
402 1570 455 1632 IV.
477 1581 508 1633 et
527 1571 664 1633 Balbino.

123 1658 200 1723 214.
222 1654 348 1715 Messala
369 1665 401 1716 et
422 1657 543 1718 Sabino.

7 1780 9 1789 .
124 1739 199 1808 215.
219 1736 312 1800 Laeto
335 1750 365 1801 et
386 1742 518 1804 Cereale.

90 1898 93 1907 .
122 1831 204 1893 216..
219 1822 392 1887 sabinost‘
406 1826 559 1889 Anulum.

122 1916 198 1979 217.
220 1910 381 1976 Praesente
402 1922 432 1974 et
452 1912 618 1974 Extricato.

123 2001 199 2065 218.
222 1995 376 2058 Antonino
397 2006 429 2059 et
449 1998 601 2059 Adventu.

219 2080 276 2144 ll1s
298 2084 403 2143 conss.
425 2085 761 2148 commentantem
771 2089 843 2170 fiseo
861 2091 892 2150 in
903 2087 967 2169 soro
978 2088 1102 2151 Romano
1120 2110 1167 2152 ur-

252 2176 344 2228 serunt
359 2188 409 2249 per
419 2169 475 2230 dats
489 2189 565 2231 m.

121 2258 196 2322 219.
218 2251 373 2313 Antonino
394 2254 432 2315 11.
454 2265 484 2316 et
505 2254 680 2318 Sacerdote.

121 2344 197 2407 220.
218 2340 371 2400 Antonino
393 2339 449 2402 Ill.
471 2349 502 2400 et
528 2341 720 2406 comazonte.

120 2428 196 2491 221.
219 2424 313 2484 Grato
336 2433 366 2485 et
386 2425 523 2488 Seleuco.
839 2470 840 2473 η

97 2566 100 2569 ,
121 2514 196 2578 222.
218 2508 372 2570 Antonino
393 2509 445 2572 [v.
467 2522 497 2572 et
516 2510 703 2585 Alexandro.

121 2598 196 2662 223.
217 2594 349 2658 Maximo
370 2595 408 2657 11.
431 2603 462 2657 et
485 2595 620 2658 Aeliano.

120 2676 195 2747 224.
214 2680 348 2740 Fabiano
372 2689 402 2743 at
422 2681 572 2763 Csispino.

119 2760 194 2832 225.
217 2766 366 2826 Fusciano
388 2776 420 2828 et
440 2768 580 2845 Dextro.)

120 2851 193 2921 226.
217 2849 391 2913 Alexandro
413 2852 501 2914 [Lat
521 2853 672 2916 Marcello.

117 2945 194 3009 227.
216 2936 328 2997 Albino
350 2937 560 3025 et‘ttaxisno.»
590 2938 592 2941 ’

118 3029 193 3098 228.
215 3022 356 3084 Modesto
379 3031 409 3082 et
428 3024 542 3085 Probo.

116 3117 192 3182 229.
214 3108 388 3169 Alexandro
409 3107 459 3169 llI.
481 3118 512 3170 et
533 3109 645 3174 Diona.

116 3201 193 3270 230.
216 3192 356 3274 Agiicola
380 3202 411 3254 et
434 3194 594 3257 Clemente.

117 3285 193 3353 231.
215 3279 399 3361 Pompeiano
421 3287 452 3339 et
471 3275 633 3361 Peligiano.

116 3373 193 3438 232.
213 3366 301 3446 Lupo
326 3376 357 3428 et
376 3363 517 3426 Maximo.
717 3368 739 3379 ”

116 3456 191 3525 233.
214 3449 346 3511 Maximo
369 3460 399 3512 st
420 3450 557 3512 Paterno.

115 3537 190 3610 234.
211 3535 344 3597 Maximo
359 3535 403 3596 ll.
426 3545 456 3596 et
473 3534 606 3600 Urbano.

115 3623 189 3695 235
213 3624 325 3682 Severo
347 3631 385 3684 st'
399 3620 574 3696 Quintiano.
607 3664 609 3669 ·
732 3672 734 3679 ⁴

115 3711 189 3780 236.
211 3707 345 3768 Maximo
367 3706 420 3767 Ill.
442 3715 473 3766 et
493 3706 650 3772 Africano.
742 3748 745 3755 ·

83 3839 86 3844 -
115 3799 192 3864 287.
213 3793 368 3874 Perpetuo
389 3800 420 3853 at
438 3791 629 3855 Corneliano.

114 3884 191 3948 288.
214 3878 270 3940 Pio
292 3887 323 3938 et
341 3877 500 3939 Pontiano.
516 3882 527 3919 .·
638 3910 660 3929 ··

114 3969 190 4033 239.
216 3962 371 4024 Gordiano
392 3972 424 4025 et
444 3962 563 4024 Aviola.

114 4052 189 4120 240.
210 4049 324 4111 Albino
347 4058 377 4111 at
391 4046 536 4111 Venusto.

113 4135 189 4204 241.
212 4134 365 4197 Gordiano
384 4134 424 4196 lI.
446 4142 477 4195 et
496 4134 705 4216 Pompeiano:

113 4219 190 4290 242.
211 4220 316 4282 Attico
328 4229 368 4280 vet
388 4222 590 4287 Praetextato.

114 4307 189 4377 243.
210 4304 340 4367 Arriano
361 4315 391 4365 et
409 4307 502 4388 Papo.

58 4424 65 4433 ⁸
114 4391 189 4458 244.
210 4380 376 4472 Peregsino
398 4401 429 4453 et
449 4389 624 4454 Aemiliano.

699 2990 717 3046 >
