<?xml version="1.0" encoding="UTF-8"?>
<!DOCTYPE html PUBLIC "-//W3C//DTD XHTML 1.0 Transitional//EN"
    "http://www.w3.org/TR/xhtml1/DTD/xhtml1-transitional.dtd">
<html xmlns="http://www.w3.org/1999/xhtml" xml:lang="en" lang="en">
 <head>
  <title>
</title>
<meta http-equiv="Content-Type" content="text/html;charset=utf-8" />
  <meta name='ocr-system' content='tesseract 3.04.00' />
  <meta name='ocr-capabilities' content='ocr_page ocr_carea ocr_par ocr_line ocrx_word'/>
</head>
<body>
  <div class='ocr_page' id='page_1' title='image "./chroniconpascha00unkngoog_0455.png"; bbox 0 0 3026 4900; ppageno 0'>
   <div class='ocr_carea' id='block_1_1' title="bbox 410 326 1342 467">
    <p class='ocr_par' dir='ltr' id='par_1_1' title="bbox 410 326 1342 467">
     <span class='ocr_line' id='line_1_1' title="bbox 410 326 1342 467; baseline -0.011 -24"><span class='ocrx_word' id='word_1_1' title='bbox 410 377 455 442; x_wconf 80' lang='lat' dir='ltr'>ns</span> <span class='ocrx_word' id='word_1_2' title='bbox 479 372 726 443; x_wconf 77' lang='lat' dir='ltr'>nmonmoo</span> <span class='ocrx_word' id='word_1_3' title='bbox 751 326 968 440; x_wconf 77' lang='lat' dir='ltr'>rssnnm</span> <span class='ocrx_word' id='word_1_4' title='bbox 1159 370 1240 467; x_wconf 57' lang='lat' dir='ltr'>,err</span> <span class='ocrx_word' id='word_1_5' title='bbox 1338 425 1342 433; x_wconf 86' lang='lat'>.</span> 
     </span>
    </p>
   </div>
   <div class='ocr_carea' id='block_1_2' title="bbox 25 537 1361 4489">
    <p class='ocr_par' dir='ltr' id='par_1_2' title="bbox 137 537 1350 794">
     <span class='ocr_line' id='line_1_2' title="bbox 226 537 1350 625; baseline -0.003 -21"><span class='ocrx_word' id='word_1_6' title='bbox 226 542 298 622; x_wconf 80' lang='lat' dir='ltr'>Peg.</span> <span class='ocrx_word' id='word_1_7' title='bbox 319 542 389 609; x_wconf 85' lang='grc'><strong>687.</strong></span> <span class='ocrx_word' id='word_1_8' title='bbox 412 548 441 609; x_wconf 87' lang='grc'><strong>8.</strong></span> <span class='ocrx_word' id='word_1_9' title='bbox 477 537 695 625; x_wconf 70' lang='grc' dir='ltr'><strong><em>ἘεγαρῆσαιῙ</em></strong></span> <span class='ocrx_word' id='word_1_10' title='bbox 708 538 755 601; x_wconf 87' lang='lat' dir='ltr'>lta</span> <span class='ocrx_word' id='word_1_11' title='bbox 776 542 999 604; x_wconf 72' lang='lat' dir='ltr'><strong>emendavimus</strong></span> <span class='ocrx_word' id='word_1_12' title='bbox 1022 563 1061 604; x_wconf 87' lang='lat' dir='ltr'>ex</span> <span class='ocrx_word' id='word_1_13' title='bbox 1080 538 1241 622; x_wconf 82' lang='lat' dir='ltr'>Theopha-</span> <span class='ocrx_word' id='word_1_14' title='bbox 1256 546 1282 601; x_wconf 85' lang='lat' dir='ltr'>V</span> <span class='ocrx_word' id='word_1_15' title='bbox 1297 543 1350 602; x_wconf 78' lang='grc'>487</span> 
     </span>
     <span class='ocr_line' id='line_1_3' title="bbox 137 628 1242 711; baseline 0 -21"><span class='ocrx_word' id='word_1_16' title='bbox 137 648 195 705; x_wconf 86' lang='lat' dir='ltr'>ne,</span> <span class='ocrx_word' id='word_1_17' title='bbox 218 648 396 709; x_wconf 85' lang='lat' dir='ltr'>comprare</span> <span class='ocrx_word' id='word_1_18' title='bbox 418 628 531 689; x_wconf 88' lang='lat' dir='ltr'>editum</span> <span class='ocrx_word' id='word_1_19' title='bbox 553 639 631 689; x_wconf 89' lang='lat' dir='ltr'>esset</span> <span class='ocrx_word' id='word_1_20' title='bbox 657 629 844 711; x_wconf 78' lang='grc' dir='ltr'><strong><em>ἐκχωρίσειν,</em></strong></span> <span class='ocrx_word' id='word_1_21' title='bbox 872 628 990 689; x_wconf 88' lang='lat' dir='ltr'>tametsi</span> <span class='ocrx_word' id='word_1_22' title='bbox 1018 630 1060 688; x_wconf 88' lang='lat' dir='ltr'>ita</span> <span class='ocrx_word' id='word_1_23' title='bbox 1090 630 1242 711; x_wconf 82' lang='lat' dir='ltr'>praeferet</span> 
     </span>
     <span class='ocr_line' id='line_1_4' title="bbox 139 714 1114 794; baseline -0.001 -19"><span class='ocrx_word' id='word_1_24' title='bbox 139 715 216 776; x_wconf 84' lang='lat' dir='ltr'>eod.</span> <span class='ocrx_word' id='word_1_25' title='bbox 238 716 374 776; x_wconf 84' lang='lat' dir='ltr'>Vatican.</span> <span class='ocrx_word' id='word_1_26' title='bbox 396 725 425 775; x_wconf 87' lang='lat' dir='ltr'>et</span> <span class='ocrx_word' id='word_1_27' title='bbox 448 717 552 775; x_wconf 83' lang='lat' dir='ltr'>Codex</span> <span class='ocrx_word' id='word_1_28' title='bbox 572 714 779 794; x_wconf 75' lang='lat' dir='ltr'>Theophanis,</span> <span class='ocrx_word' id='word_1_29' title='bbox 804 725 839 774; x_wconf 91' lang='lat' dir='ltr'>ut</span> <span class='ocrx_word' id='word_1_30' title='bbox 862 724 964 774; x_wconf 90' lang='lat' dir='ltr'>monet</span> <span class='ocrx_word' id='word_1_31' title='bbox 986 716 1114 785; x_wconf 85' lang='lat' dir='ltr'>Goerus.</span> 
     </span>
    </p>

    <p class='ocr_par' dir='ltr' id='par_1_3' title="bbox 228 794 1136 880">
     <span class='ocr_line' id='line_1_5' title="bbox 228 794 1136 880; baseline 0 -18"><span class='ocrx_word' id='word_1_32' title='bbox 228 806 299 879; x_wconf 78' lang='lat' dir='ltr'>Pag.</span> <span class='ocrx_word' id='word_1_33' title='bbox 322 803 393 868; x_wconf 80' lang='lat'><em>637.</em></span> <span class='ocrx_word' id='word_1_34' title='bbox 415 802 443 867; x_wconf 84' lang='grc'><strong>4.</strong></span> <span class='ocrx_word' id='word_1_35' title='bbox 492 798 534 864; x_wconf 85' lang='grc' dir='ltr'>Τδ</span> <span class='ocrx_word' id='word_1_36' title='bbox 557 796 681 879; x_wconf 83' lang='grc' dir='ltr'><strong><em>λοιπδν]</em></strong></span> <span class='ocrx_word' id='word_1_37' title='bbox 704 798 877 880; x_wconf 89' lang='lat' dir='ltr'>Theophan.</span> <span class='ocrx_word' id='word_1_38' title='bbox 899 796 934 864; x_wconf 84' lang='grc' dir='ltr'>τό</span> <span class='ocrx_word' id='word_1_39' title='bbox 948 822 979 862; x_wconf 86' lang='grc' dir='ltr'>τε</span> <span class='ocrx_word' id='word_1_40' title='bbox 993 795 1112 864; x_wconf 87' lang='grc' dir='ltr'><strong><em>λοιπόν.</em></strong></span> <span class='ocrx_word' id='word_1_41' title='bbox 1133 794 1136 801; x_wconf 72' lang='grc'><strong>’</strong></span> 
     </span>
    </p>

    <p class='ocr_par' dir='ltr' id='par_1_4' title="bbox 140 883 1357 1139">
     <span class='ocr_line' id='line_1_6' title="bbox 227 883 1357 972; baseline -0.004 -27"><span class='ocrx_word' id='word_1_42' title='bbox 227 884 301 964; x_wconf 82' lang='lat' dir='ltr'>Peg.</span> <span class='ocrx_word' id='word_1_43' title='bbox 325 886 397 952; x_wconf 86' lang='grc'><strong>587.</strong></span> <span class='ocrx_word' id='word_1_44' title='bbox 422 888 451 953; x_wconf 86' lang='grc'><strong>5.</strong></span> <span class='ocrx_word' id='word_1_45' title='bbox 496 886 648 972; x_wconf 70' lang='grc' dir='ltr'><strong><em>Ποταμγῖ]</em></strong></span> <span class='ocrx_word' id='word_1_46' title='bbox 672 886 837 963; x_wconf 81' lang='lat' dir='ltr'>Migdoo‘o,</span> <span class='ocrx_word' id='word_1_47' title='bbox 859 884 1032 948; x_wconf 85' lang='lat' dir='ltr'>Theodorit.</span> <span class='ocrx_word' id='word_1_48' title='bbox 1073 887 1148 948; x_wconf 88' lang='lat' dir='ltr'>Vide</span> <span class='ocrx_word' id='word_1_49' title='bbox 1170 887 1245 971; x_wconf 74' lang='lat' dir='ltr'>Vim</span> <span class='ocrx_word' id='word_1_50' title='bbox 1262 904 1286 959; x_wconf 76' lang='lat' dir='ltr'>p</span> <span class='ocrx_word' id='word_1_51' title='bbox 1302 883 1357 962; x_wconf 68' lang='lat'>56⁰</span> 
     </span>
     <span class='ocr_line' id='line_1_7' title="bbox 140 972 1243 1053; baseline 0.001 -21"><span class='ocrx_word' id='word_1_52' title='bbox 140 972 273 1032; x_wconf 88' lang='lat' dir='ltr'>centium</span> <span class='ocrx_word' id='word_1_53' title='bbox 297 972 449 1034; x_wconf 74' lang='lat' dir='ltr'>Bellonae.</span> <span class='ocrx_word' id='word_1_54' title='bbox 471 972 523 1034; x_wconf 88' lang='lat' dir='ltr'>lib.</span> <span class='ocrx_word' id='word_1_55' title='bbox 543 994 619 1033; x_wconf 83' lang='lat' dir='ltr'><strong>xxx.</strong></span> <span class='ocrx_word' id='word_1_56' title='bbox 641 993 707 1053; x_wconf 85' lang='lat' dir='ltr'>cap.</span> <span class='ocrx_word' id='word_1_57' title='bbox 724 991 845 1032; x_wconf 81' lang='lat' dir='ltr'>axxxn.</span> <span class='ocrx_word' id='word_1_58' title='bbox 869 983 899 1033; x_wconf 86' lang='lat' dir='ltr'>et</span> <span class='ocrx_word' id='word_1_59' title='bbox 919 992 1050 1033; x_wconf 74' lang='lat' dir='ltr'>uxum.</span> <span class='ocrx_word' id='word_1_60' title='bbox 1071 972 1124 1033; x_wconf 89' lang='lat' dir='ltr'>ubi</span> <span class='ocrx_word' id='word_1_61' title='bbox 1145 973 1243 1034; x_wconf 84' lang='lat' dir='ltr'>simile</span> 
     </span>
     <span class='ocr_line' id='line_1_8' title="bbox 140 1058 857 1139; baseline -0.003 -22"><span class='ocrx_word' id='word_1_62' title='bbox 140 1058 300 1139; x_wconf 79' lang='lat' dir='ltr'><strong>quidpiam</strong></span> <span class='ocrx_word' id='word_1_63' title='bbox 321 1058 425 1119; x_wconf 77' lang='lat' dir='ltr'>refert.</span> <span class='ocrx_word' id='word_1_64' title='bbox 854 1082 857 1091; x_wconf 60' lang='lat'><strong><em>¹</em></strong></span> 
     </span>
    </p>

    <p class='ocr_par' dir='ltr' id='par_1_5' title="bbox 141 1136 1299 1740">
     <span class='ocr_line' id='line_1_9' title="bbox 227 1136 1245 1225; baseline 0 -22"><span class='ocrx_word' id='word_1_65' title='bbox 227 1144 298 1204; x_wconf 70' lang='lat' dir='ltr'>thid</span> <span class='ocrx_word' id='word_1_66' title='bbox 344 1139 452 1224; x_wconf 77' lang='grc' dir='ltr'><strong><em>Οἶδεν]</em></strong></span> <span class='ocrx_word' id='word_1_67' title='bbox 476 1144 543 1221; x_wconf 84' lang='lat' dir='ltr'>Leg.</span> <span class='ocrx_word' id='word_1_68' title='bbox 567 1152 670 1223; x_wconf 86' lang='lat' dir='ltr'>postea</span> <span class='ocrx_word' id='word_1_69' title='bbox 691 1143 724 1206; x_wconf 87' lang='grc' dir='ltr'>οί</span> <span class='ocrx_word' id='word_1_70' title='bbox 748 1139 781 1206; x_wconf 87' lang='grc' dir='ltr'><strong><em>δέ</em></strong></span> <span class='ocrx_word' id='word_1_71' title='bbox 798 1143 972 1225; x_wconf 81' lang='grc' dir='ltr'><strong><em>Νησιβηνολ</em></strong></span> <span class='ocrx_word' id='word_1_72' title='bbox 996 1136 1095 1225; x_wconf 79' lang='grc' dir='ltr'><strong><em>εείχαῖς</em></strong></span> <span class='ocrx_word' id='word_1_73' title='bbox 1112 1141 1245 1206; x_wconf 82' lang='grc' dir='ltr'><strong><em>ἐνίκοαν.</em></strong></span> 
     </span>
     <span class='ocr_line' id='line_1_10' title="bbox 142 1226 1243 1310; baseline 0.002 -22"><span class='ocrx_word' id='word_1_74' title='bbox 142 1228 282 1309; x_wconf 84' lang='lat' dir='ltr'><strong>Quippe,</strong></span> <span class='ocrx_word' id='word_1_75' title='bbox 303 1238 338 1287; x_wconf 89' lang='lat' dir='ltr'>ut</span> <span class='ocrx_word' id='word_1_76' title='bbox 358 1240 462 1290; x_wconf 88' lang='lat' dir='ltr'>narrat</span> <span class='ocrx_word' id='word_1_77' title='bbox 481 1226 701 1304; x_wconf 86' lang='lat' dir='ltr'>Theodoritus,</span> <span class='ocrx_word' id='word_1_78' title='bbox 723 1229 915 1289; x_wconf 82' lang='lat' dir='ltr'>admirandus</span> <span class='ocrx_word' id='word_1_79' title='bbox 928 1229 979 1288; x_wconf 88' lang='lat' dir='ltr'>ille</span> <span class='ocrx_word' id='word_1_80' title='bbox 995 1228 1140 1310; x_wconf 83' lang='lat' dir='ltr'>Ephrem,</span> <span class='ocrx_word' id='word_1_81' title='bbox 1154 1240 1243 1308; x_wconf 85' lang='lat' dir='ltr'>quem</span> 
     </span>
     <span class='ocr_line' id='line_1_11' title="bbox 142 1314 1245 1396; baseline -0.005 -19"><span class='ocrx_word' id='word_1_82' title='bbox 142 1316 213 1377; x_wconf 85' lang='lat' dir='ltr'>Mor</span> <span class='ocrx_word' id='word_1_83' title='bbox 230 1314 363 1394; x_wconf 71' lang='lat' dir='ltr'>Ephraim</span> <span class='ocrx_word' id='word_1_84' title='bbox 385 1325 476 1376; x_wconf 85' lang='lat' dir='ltr'>vocat</span> <span class='ocrx_word' id='word_1_85' title='bbox 499 1315 748 1396; x_wconf 78' lang='lat' dir='ltr'>Albupharaijus,</span> <span class='ocrx_word' id='word_1_86' title='bbox 769 1315 852 1391; x_wconf 80' lang='lat' dir='ltr'>(Mor</span> <span class='ocrx_word' id='word_1_87' title='bbox 875 1324 975 1375; x_wconf 85' lang='lat' dir='ltr'>nutem</span> <span class='ocrx_word' id='word_1_88' title='bbox 997 1316 1160 1395; x_wconf 73' lang='lat' dir='ltr'><strong>Apostolos</strong></span> <span class='ocrx_word' id='word_1_89' title='bbox 1183 1314 1245 1395; x_wconf 75' lang='lat' dir='ltr'>rap-¹</span> 
     </span>
     <span class='ocr_line' id='line_1_12' title="bbox 141 1399 1299 1482; baseline -0.001 -22"><span class='ocrx_word' id='word_1_90' title='bbox 141 1402 259 1482; x_wconf 80' lang='lat' dir='ltr'>pellant</span> <span class='ocrx_word' id='word_1_91' title='bbox 281 1400 424 1461; x_wconf 77' lang='lat' dir='ltr'>Chaldaei</span> <span class='ocrx_word' id='word_1_92' title='bbox 446 1399 603 1476; x_wconf 85' lang='lat' dir='ltr'>hodierni,</span> <span class='ocrx_word' id='word_1_93' title='bbox 637 1411 671 1460; x_wconf 91' lang='lat' dir='ltr'>ut</span> <span class='ocrx_word' id='word_1_94' title='bbox 697 1403 837 1462; x_wconf 87' lang='lat' dir='ltr'>observat</span> <span class='ocrx_word' id='word_1_95' title='bbox 859 1401 990 1480; x_wconf 85' lang='lat' dir='ltr'>Scaliger</span> <span class='ocrx_word' id='word_1_96' title='bbox 1015 1402 1049 1460; x_wconf 90' lang='lat' dir='ltr'>in</span> <span class='ocrx_word' id='word_1_97' title='bbox 1076 1401 1246 1478; x_wconf 86' lang='lat' dir='ltr'>Prolegom.</span> <span class='ocrx_word' id='word_1_98' title='bbox 1295 1400 1299 1406; x_wconf 65' lang='grc'><strong>“</strong></span> 
     </span>
     <span class='ocr_line' id='line_1_13' title="bbox 143 1481 1246 1572; baseline -0.003 -25"><span class='ocrx_word' id='word_1_99' title='bbox 143 1488 183 1547; x_wconf 84' lang='lat' dir='ltr'>ad</span> <span class='ocrx_word' id='word_1_100' title='bbox 211 1487 304 1546; x_wconf 87' lang='lat' dir='ltr'>libros</span> <span class='ocrx_word' id='word_1_101' title='bbox 332 1487 369 1546; x_wconf 92' lang='lat' dir='ltr'>de</span> <span class='ocrx_word' id='word_1_102' title='bbox 395 1488 552 1548; x_wconf 86' lang='lat' dir='ltr'>Emendat.</span> <span class='ocrx_word' id='word_1_103' title='bbox 581 1481 703 1570; x_wconf 84' lang='lat' dir='ltr'>Temp.)</span> <span class='ocrx_word' id='word_1_104' title='bbox 741 1488 1011 1572; x_wconf 75' lang='lat' dir='ltr'>praestantissimus</span> <span class='ocrx_word' id='word_1_105' title='bbox 1040 1487 1123 1568; x_wconf 81' lang='lat' dir='ltr'>apud</span> <span class='ocrx_word' id='word_1_106' title='bbox 1152 1489 1246 1566; x_wconf 86' lang='lat' dir='ltr'>Syros</span> 
     </span>
     <span class='ocr_line' id='line_1_14' title="bbox 142 1572 1246 1654; baseline -0.003 -21"><span class='ocrx_word' id='word_1_107' title='bbox 142 1573 283 1653; x_wconf 73' lang='lat' dir='ltr'>scriptor</span> <span class='ocrx_word' id='word_1_108' title='bbox 311 1572 446 1633; x_wconf 87' lang='lat' dir='ltr'>divinum</span> <span class='ocrx_word' id='word_1_109' title='bbox 476 1573 619 1633; x_wconf 82' lang='lat' dir='ltr'>iacobum</span> <span class='ocrx_word' id='word_1_110' title='bbox 650 1573 833 1654; x_wconf 82' lang='lat' dir='ltr'>Episcopum</span> <span class='ocrx_word' id='word_1_111' title='bbox 863 1573 984 1651; x_wconf 83' lang='lat' dir='ltr'>rogavit</span> <span class='ocrx_word' id='word_1_112' title='bbox 1010 1582 1045 1632; x_wconf 91' lang='lat' dir='ltr'>ut</span> <span class='ocrx_word' id='word_1_113' title='bbox 1073 1574 1106 1631; x_wconf 91' lang='lat' dir='ltr'>in</span> <span class='ocrx_word' id='word_1_114' title='bbox 1126 1592 1246 1633; x_wconf 90' lang='lat' dir='ltr'>murum</span> 
     </span>
     <span class='ocr_line' id='line_1_15' title="bbox 144 1659 1247 1740; baseline -0.002 -22"><span class='ocrx_word' id='word_1_115' title='bbox 144 1659 337 1735; x_wconf 72' lang='lat' dir='ltr'>ascenderet,</span> <span class='ocrx_word' id='word_1_116' title='bbox 359 1660 510 1719; x_wconf 87' lang='lat' dir='ltr'>Barbaros</span> <span class='ocrx_word' id='word_1_117' title='bbox 531 1660 710 1739; x_wconf 82' lang='lat' dir='ltr'>inspiceret,</span> <span class='ocrx_word' id='word_1_118' title='bbox 740 1670 770 1719; x_wconf 91' lang='lat' dir='ltr'>et</span> <span class='ocrx_word' id='word_1_119' title='bbox 798 1659 1023 1740; x_wconf 87' lang='lat' dir='ltr'>imprecationis</span> <span class='ocrx_word' id='word_1_120' title='bbox 1050 1660 1112 1718; x_wconf 88' lang='lat' dir='ltr'>tela</span> <span class='ocrx_word' id='word_1_121' title='bbox 1140 1660 1171 1718; x_wconf 86' lang='lat' dir='ltr'>iu</span> <span class='ocrx_word' id='word_1_122' title='bbox 1195 1679 1247 1718; x_wconf 91' lang='lat' dir='ltr'>eos</span> 
     </span>
    </p>

    <p class='ocr_par' dir='ltr' id='par_1_6' title="bbox 25 1745 1251 2233">
     <span class='ocr_line' id='line_1_16' title="bbox 25 1745 1249 1823; baseline -0.002 -18"><span class='ocrx_word' id='word_1_123' title='bbox 25 1778 28 1781; x_wconf 92' lang='lat'><em>·</em></span> <span class='ocrx_word' id='word_1_124' title='bbox 142 1745 334 1805; x_wconf 78' lang='lat' dir='ltr'>immitteret:</span> <span class='ocrx_word' id='word_1_125' title='bbox 358 1745 406 1804; x_wconf 90' lang='lat' dir='ltr'>cui</span> <span class='ocrx_word' id='word_1_126' title='bbox 429 1747 590 1805; x_wconf 91' lang='lat' dir='ltr'>obsecutus</span> <span class='ocrx_word' id='word_1_127' title='bbox 604 1745 731 1804; x_wconf 87' lang='lat' dir='ltr'>lacobus</span> <span class='ocrx_word' id='word_1_128' title='bbox 752 1746 783 1804; x_wconf 91' lang='lat' dir='ltr'>in</span> <span class='ocrx_word' id='word_1_129' title='bbox 807 1745 955 1823; x_wconf 86' lang='lat' dir='ltr'>quandem</span> <span class='ocrx_word' id='word_1_130' title='bbox 972 1746 1082 1804; x_wconf 88' lang='lat' dir='ltr'>turrim</span> <span class='ocrx_word' id='word_1_131' title='bbox 1100 1761 1249 1804; x_wconf 82' lang='lat' dir='ltr'>conscen-</span> 
     </span>
     <span class='ocr_line' id='line_1_17' title="bbox 144 1829 1249 1910; baseline -0.004 -18"><span class='ocrx_word' id='word_1_132' title='bbox 144 1831 207 1905; x_wconf 85' lang='lat' dir='ltr'>dit,</span> <span class='ocrx_word' id='word_1_133' title='bbox 229 1831 352 1910; x_wconf 85' lang='lat' dir='ltr'>viseque</span> <span class='ocrx_word' id='word_1_134' title='bbox 373 1831 584 1890; x_wconf 87' lang='lat' dir='ltr'>innumerabili</span> <span class='ocrx_word' id='word_1_135' title='bbox 606 1830 759 1889; x_wconf 89' lang='lat' dir='ltr'>hominum</span> <span class='ocrx_word' id='word_1_136' title='bbox 782 1831 992 1904; x_wconf 88' lang='lat' dir='ltr'>multitudine,</span> <span class='ocrx_word' id='word_1_137' title='bbox 1026 1831 1142 1888; x_wconf 89' lang='lat' dir='ltr'>nullum</span> <span class='ocrx_word' id='word_1_138' title='bbox 1165 1829 1249 1888; x_wconf 91' lang='lat' dir='ltr'>aliud</span> 
     </span>
     <span class='ocr_line' id='line_1_18' title="bbox 145 1916 1248 1998; baseline -0.004 -22"><span class='ocrx_word' id='word_1_139' title='bbox 145 1917 257 1976; x_wconf 89' lang='lat' dir='ltr'>melum</span> <span class='ocrx_word' id='word_1_140' title='bbox 279 1918 317 1975; x_wconf 89' lang='lat' dir='ltr'>iis</span> <span class='ocrx_word' id='word_1_141' title='bbox 337 1917 521 1998; x_wconf 81' lang='lat' dir='ltr'>imprecatus</span> <span class='ocrx_word' id='word_1_142' title='bbox 543 1925 603 1975; x_wconf 88' lang='lat' dir='ltr'>est:</span> <span class='ocrx_word' id='word_1_143' title='bbox 626 1916 680 1976; x_wconf 88' lang='lat' dir='ltr'>sed</span> <span class='ocrx_word' id='word_1_144' title='bbox 703 1916 802 1975; x_wconf 87' lang='lat' dir='ltr'>oravit</span> <span class='ocrx_word' id='word_1_145' title='bbox 822 1925 939 1974; x_wconf 87' lang='lat' dir='ltr'>tantum</span> <span class='ocrx_word' id='word_1_146' title='bbox 960 1925 995 1974; x_wconf 91' lang='lat' dir='ltr'>ut</span> <span class='ocrx_word' id='word_1_147' title='bbox 1019 1917 1124 1975; x_wconf 83' lang='lat' dir='ltr'>cinifes</span> <span class='ocrx_word' id='word_1_148' title='bbox 1144 1925 1174 1974; x_wconf 91' lang='lat' dir='ltr'>et</span> <span class='ocrx_word' id='word_1_149' title='bbox 1190 1935 1248 1973; x_wconf 90' lang='lat' dir='ltr'>cu-</span> 
     </span>
     <span class='ocr_line' id='line_1_19' title="bbox 144 2000 1246 2078; baseline -0.003 -17"><span class='ocrx_word' id='word_1_150' title='bbox 144 2002 219 2061; x_wconf 90' lang='lat' dir='ltr'>lices</span> <span class='ocrx_word' id='word_1_151' title='bbox 248 2003 280 2061; x_wconf 89' lang='lat' dir='ltr'>in</span> <span class='ocrx_word' id='word_1_152' title='bbox 310 2020 360 2061; x_wconf 86' lang='lat' dir='ltr'>eoe</span> <span class='ocrx_word' id='word_1_153' title='bbox 388 2002 635 2078; x_wconf 85' lang='lat' dir='ltr'>immitterentur,</span> <span class='ocrx_word' id='word_1_154' title='bbox 664 2011 700 2060; x_wconf 90' lang='lat' dir='ltr'>ut</span> <span class='ocrx_word' id='word_1_155' title='bbox 728 2022 766 2060; x_wconf 88' lang='lat' dir='ltr'>ex</span> <span class='ocrx_word' id='word_1_156' title='bbox 795 2001 921 2061; x_wconf 89' lang='lat' dir='ltr'>minutis</span> <span class='ocrx_word' id='word_1_157' title='bbox 954 2001 1016 2060; x_wconf 83' lang='lat' dir='ltr'>illis</span> <span class='ocrx_word' id='word_1_158' title='bbox 1046 2000 1246 2075; x_wconf 81' lang='lat' dir='ltr'>animalculis,</span> 
     </span>
     <span class='ocr_line' id='line_1_20' title="bbox 144 2087 1251 2233; baseline 0.001 -3"><span class='ocrx_word' id='word_1_159' title='bbox 144 2087 1054 2233; x_wconf 43' lang='lat' dir='ltr'>{tilliditt&#39;f‘tllttnt&#39;itffititillatio</span> <span class='ocrx_word' id='word_1_160' title='bbox 1072 2088 1251 2233; x_wconf 64' lang='lat' dir='ltr'>⁰2iss¹⁰¹¹⁸ii</span> 
     </span>
    </p>

    <p class='ocr_par' dir='ltr' id='par_1_7' title="bbox 118 2195 1252 2510">
     <span class='ocr_line' id='line_1_21' title="bbox 900 2217 1161 2248; baseline -0.004 -4"><span class='ocrx_word' id='word_1_161' title='bbox 900 2240 906 2244; x_wconf 91' lang='lat'>.</span> <span class='ocrx_word' id='word_1_162' title='bbox 1061 2217 1069 2248; x_wconf 85' lang='grc' dir='ltr'><strong><em>ι</em></strong></span> <span class='ocrx_word' id='word_1_163' title='bbox 1153 2219 1161 2233; x_wconf 84' lang='grc'><em>·</em></span> 
     </span>
     <span class='ocr_line' id='line_1_22' title="bbox 118 2195 1252 2340; baseline 0 -23"><span class='ocrx_word' id='word_1_164' title='bbox 118 2259 258 2318; x_wconf 64' lang='lat' dir='ltr'>docebo</span> <span class='ocrx_word' id='word_1_165' title='bbox 281 2269 314 2319; x_wconf 91' lang='lat' dir='ltr'>et</span> <span class='ocrx_word' id='word_1_166' title='bbox 335 2258 499 2339; x_wconf 83' lang='lat' dir='ltr'>Ephraimo</span> <span class='ocrx_word' id='word_1_167' title='bbox 527 2260 560 2318; x_wconf 90' lang='lat' dir='ltr'>in</span> <span class='ocrx_word' id='word_1_168' title='bbox 589 2279 641 2319; x_wconf 87' lang='lat' dir='ltr'>sua</span> <span class='ocrx_word' id='word_1_169' title='bbox 675 2195 845 2318; x_wconf 61' lang='lat' dir='ltr'>narrdtione</span> <span class='ocrx_word' id='word_1_170' title='bbox 871 2258 939 2319; x_wconf 86' lang='lat' dir='ltr'>silet</span> <span class='ocrx_word' id='word_1_171' title='bbox 969 2196 1185 2340; x_wconf 58' lang='lat' dir='ltr'>Theophanes:</span> <span class='ocrx_word' id='word_1_172' title='bbox 1213 2257 1252 2317; x_wconf 86' lang='lat' dir='ltr'>de</span> 
     </span>
     <span class='ocr_line' id='line_1_23' title="bbox 144 2344 1251 2427; baseline 0.001 -26"><span class='ocrx_word' id='word_1_173' title='bbox 144 2344 261 2427; x_wconf 81' lang='lat' dir='ltr'>dacobo¹</span> <span class='ocrx_word' id='word_1_174' title='bbox 290 2364 364 2404; x_wconf 90' lang='lat' dir='ltr'>vero</span> <span class='ocrx_word' id='word_1_175' title='bbox 397 2345 544 2424; x_wconf 81' lang='lat' dir='ltr'>quaedam</span> <span class='ocrx_word' id='word_1_176' title='bbox 577 2345 676 2423; x_wconf 85' lang='lat' dir='ltr'>attigit</span> <span class='ocrx_word' id='word_1_177' title='bbox 705 2344 938 2425; x_wconf 85' lang='lat' dir='ltr'>Philoetorgius,</span> <span class='ocrx_word' id='word_1_178' title='bbox 973 2354 1058 2427; x_wconf 82' lang='lat' dir='ltr'>utet</span> <span class='ocrx_word' id='word_1_179' title='bbox 1087 2344 1251 2424; x_wconf 70' lang='lat' dir='ltr'>Gregorius</span> 
     </span>
     <span class='ocr_line' id='line_1_24' title="bbox 147 2430 692 2510; baseline 0.004 -21"><span class='ocrx_word' id='word_1_180' title='bbox 147 2430 260 2491; x_wconf 85' lang='lat' dir='ltr'>Turon.</span> <span class='ocrx_word' id='word_1_181' title='bbox 283 2431 335 2490; x_wconf 86' lang='lat' dir='ltr'>lib.</span> <span class='ocrx_word' id='word_1_182' title='bbox 356 2452 387 2491; x_wconf 88' lang='lat'>11.</span> <span class='ocrx_word' id='word_1_183' title='bbox 410 2432 486 2492; x_wconf 88' lang='lat' dir='ltr'>Hist.</span> <span class='ocrx_word' id='word_1_184' title='bbox 507 2451 574 2510; x_wconf 90' lang='lat' dir='ltr'>cap.</span> <span class='ocrx_word' id='word_1_185' title='bbox 596 2448 692 2491; x_wconf 81' lang='lat' dir='ltr'><strong>xxxv.</strong></span> 
     </span>
    </p>

    <p class='ocr_par' dir='ltr' id='par_1_8' title="bbox 147 2511 1253 2769">
     <span class='ocr_line' id='line_1_25' title="bbox 199 2511 1253 2600; baseline -0.006 -18"><span class='ocrx_word' id='word_1_186' title='bbox 199 2556 204 2561; x_wconf 82' lang='lat'><em>-</em></span> <span class='ocrx_word' id='word_1_187' title='bbox 232 2514 307 2594; x_wconf 81' lang='lat' dir='ltr'><strong><em>Pag.</em></strong></span> <span class='ocrx_word' id='word_1_188' title='bbox 329 2520 400 2582; x_wconf 82' lang='lat'>537.</span> <span class='ocrx_word' id='word_1_189' title='bbox 423 2521 452 2582; x_wconf 90' lang='grc'>8.</span> <span class='ocrx_word' id='word_1_190' title='bbox 501 2516 607 2600; x_wconf 80' lang='grc' dir='ltr'><strong><em>Μέρος</em></strong></span> <span class='ocrx_word' id='word_1_191' title='bbox 626 2521 682 2580; x_wconf 74' lang='grc' dir='ltr'>τοῦ</span> <span class='ocrx_word' id='word_1_192' title='bbox 697 2518 830 2598; x_wconf 80' lang='grc' dir='ltr'><strong>τείχους]</strong></span> <span class='ocrx_word' id='word_1_193' title='bbox 854 2513 1070 2594; x_wconf 88' lang='lat' dir='ltr'>Theophanes,</span> <span class='ocrx_word' id='word_1_194' title='bbox 1090 2511 1253 2597; x_wconf 76' lang='grc' dir='ltr'><strong><em>μέροςμέν</em></strong></span> 
     </span>
     <span class='ocr_line' id='line_1_26' title="bbox 147 2597 1251 2686; baseline -0.002 -24"><span class='ocrx_word' id='word_1_195' title='bbox 147 2624 195 2663; x_wconf 85' lang='grc' dir='ltr'>τοι</span> <span class='ocrx_word' id='word_1_196' title='bbox 216 2605 272 2664; x_wconf 77' lang='grc' dir='ltr'>τοῦ</span> <span class='ocrx_word' id='word_1_197' title='bbox 288 2604 403 2683; x_wconf 76' lang='grc' dir='ltr'><em>τείχους</em></span> <span class='ocrx_word' id='word_1_198' title='bbox 417 2597 644 2686; x_wconf 80' lang='grc' dir='ltr'><strong><em>α’πεπόρθεγται,</em></strong></span> <span class='ocrx_word' id='word_1_199' title='bbox 665 2602 717 2665; x_wconf 81' lang='grc' dir='ltr'><strong><em>καί</em></strong></span> <span class='ocrx_word' id='word_1_200' title='bbox 738 2607 828 2667; x_wconf 79' lang='grc' dir='ltr'><strong><em>τοῦτο</em></strong></span> <span class='ocrx_word' id='word_1_201' title='bbox 850 2597 927 2665; x_wconf 78' lang='lat' dir='ltr'>eoric</span> <span class='ocrx_word' id='word_1_202' title='bbox 950 2604 1031 2664; x_wconf 81' lang='grc' dir='ltr'><strong><em>Θεοδ</em></strong></span> <span class='ocrx_word' id='word_1_203' title='bbox 1052 2597 1251 2686; x_wconf 69' lang='grc' dir='ltr'>συγχώρησιν.</span> 
     </span>
     <span class='ocr_line' id='line_1_27' title="bbox 148 2684 1010 2769; baseline 0.005 -23"><span class='ocrx_word' id='word_1_204' title='bbox 148 2688 208 2746; x_wconf 71' lang='lat' dir='ltr'>olii</span> <span class='ocrx_word' id='word_1_205' title='bbox 228 2689 321 2747; x_wconf 80' lang='lat' dir='ltr'>codd.</span> <span class='ocrx_word' id='word_1_206' title='bbox 344 2684 512 2752; x_wconf 73' lang='grc' dir='ltr'><strong><em>ἐπεπόνθει</em></strong></span> <span class='ocrx_word' id='word_1_207' title='bbox 528 2690 712 2769; x_wconf 80' lang='lat' dir='ltr'>praeferunt.</span> <span class='ocrx_word' id='word_1_208' title='bbox 944 2692 947 2699; x_wconf 77' lang='grc'><strong>’</strong></span> <span class='ocrx_word' id='word_1_209' title='bbox 1008 2700 1010 2703; x_wconf 86' lang='grc'><strong>’</strong></span> 
     </span>
    </p>

    <p class='ocr_par' dir='ltr' id='par_1_9' title="bbox 148 2764 1255 3029">
     <span class='ocr_line' id='line_1_28' title="bbox 233 2764 1255 2877; baseline -0.008 -36"><span class='ocrx_word' id='word_1_210' title='bbox 233 2772 307 2852; x_wconf 65' lang='lat' dir='ltr'>Pug-</span> <span class='ocrx_word' id='word_1_211' title='bbox 330 2778 402 2840; x_wconf 86' lang='grc'><strong>587.</strong></span> <span class='ocrx_word' id='word_1_212' title='bbox 426 2780 476 2839; x_wconf 89' lang='grc'>10.</span> <span class='ocrx_word' id='word_1_213' title='bbox 520 2778 641 2838; x_wconf 77' lang='grc' dir='ltr'><strong><em>Γίνεται</em></strong></span> <span class='ocrx_word' id='word_1_214' title='bbox 662 2771 738 2857; x_wconf 71' lang='lat' dir='ltr'>peip]</span> <span class='ocrx_word' id='word_1_215' title='bbox 761 2764 907 2859; x_wconf 16' lang='lat' dir='ltr'>Theopuh‘.¹</span> <span class='ocrx_word' id='word_1_216' title='bbox 925 2766 1040 2847; x_wconf 81' lang='grc' dir='ltr'><strong><em>ειίθέως</em></strong></span> <span class='ocrx_word' id='word_1_217' title='bbox 1060 2767 1117 2877; x_wconf 85' lang='grc' dir='ltr'><strong><em>γοίρ</em></strong></span> <span class='ocrx_word' id='word_1_218' title='bbox 1139 2764 1255 2854; x_wconf 84' lang='grc' dir='ltr'><strong><em>γίνεται</em></strong></span> 
     </span>
     <span class='ocr_line' id='line_1_29' title="bbox 148 2850 1255 2942; baseline -0.003 -21"><span class='ocrx_word' id='word_1_219' title='bbox 148 2853 207 2939; x_wconf 67' lang='grc' dir='ltr'>τήν</span> <span class='ocrx_word' id='word_1_220' title='bbox 221 2880 252 2922; x_wconf 79' lang='grc' dir='ltr'>τε</span> <span class='ocrx_word' id='word_1_221' title='bbox 271 2854 362 2923; x_wconf 82' lang='grc' dir='ltr'><strong><em>πόλιν</em></strong></span> <span class='ocrx_word' id='word_1_222' title='bbox 376 2865 587 2942; x_wconf 78' lang='grc' dir='ltr'><strong><em>φυλαχθῆναι,</em></strong></span> <span class='ocrx_word' id='word_1_223' title='bbox 610 2860 662 2922; x_wconf 81' lang='grc' dir='ltr'><strong><em>καί</em></strong></span> <span class='ocrx_word' id='word_1_224' title='bbox 685 2858 757 2934; x_wconf 66' lang='lat' dir='ltr'>rode</span> <span class='ocrx_word' id='word_1_225' title='bbox 780 2861 943 2940; x_wconf 86' lang='grc' dir='ltr'><strong><em>πολεμίους</em></strong></span> <span class='ocrx_word' id='word_1_226' title='bbox 963 2865 1027 2932; x_wconf 76' lang='grc' dir='ltr'><strong><em>τοῖς</em></strong></span> <span class='ocrx_word' id='word_1_227' title='bbox 1047 2853 1137 2920; x_wconf 78' lang='grc' dir='ltr'><strong><em>δδασι</em></strong></span> <span class='ocrx_word' id='word_1_228' title='bbox 1161 2850 1255 2937; x_wconf 77' lang='grc' dir='ltr'><strong><em>νήχε-</em></strong></span> 
     </span>
     <span class='ocr_line' id='line_1_30' title="bbox 149 2941 1125 3029; baseline -0.003 -21"><span class='ocrx_word' id='word_1_229' title='bbox 149 2953 241 3022; x_wconf 81' lang='grc' dir='ltr'><strong><em>σθαι,</em></strong></span> <span class='ocrx_word' id='word_1_230' title='bbox 263 2946 315 3008; x_wconf 80' lang='grc' dir='ltr'><strong><em>καί</em></strong></span> <span class='ocrx_word' id='word_1_231' title='bbox 327 2943 534 3029; x_wconf 23' lang='grc' dir='ltr'><strong><em>πολλοδςιδπδ</em></strong></span> <span class='ocrx_word' id='word_1_232' title='bbox 550 2952 607 3011; x_wconf 76' lang='grc' dir='ltr'>τοῦ</span> <span class='ocrx_word' id='word_1_233' title='bbox 620 2943 732 3021; x_wconf 74' lang='grc' dir='ltr'><strong><em>ὕδατος</em></strong></span> <span class='ocrx_word' id='word_1_234' title='bbox 748 2941 950 3026; x_wconf 72' lang='grc' dir='ltr'><strong><em>διεφθάρθαι.</em></strong></span> <span class='ocrx_word' id='word_1_235' title='bbox 1123 2951 1125 2957; x_wconf 82' lang='grc'><em>’</em></span> 
     </span>
    </p>

    <p class='ocr_par' dir='ltr' id='par_1_10' title="bbox 150 3022 1257 3201">
     <span class='ocr_line' id='line_1_31' title="bbox 236 3022 1257 3113; baseline 0 -23"><span class='ocrx_word' id='word_1_236' title='bbox 236 3029 403 3109; x_wconf 69' lang='grc' dir='ltr'><strong>Ρας.’537.</strong></span> <span class='ocrx_word' id='word_1_237' title='bbox 437 3033 485 3098; x_wconf 82' lang='grc'><strong>14.</strong></span> <span class='ocrx_word' id='word_1_238' title='bbox 529 3034 780 3113; x_wconf 83' lang='grc' dir='ltr'><strong><em>Συμπείσαντες]</em></strong></span> <span class='ocrx_word' id='word_1_239' title='bbox 818 3029 994 3110; x_wconf 84' lang='lat' dir='ltr'>Theophan.</span> <span class='ocrx_word' id='word_1_240' title='bbox 1031 3022 1257 3112; x_wconf 81' lang='grc' dir='ltr'><strong><em>ειίτρεπίσαντες</em></strong></span> 
     </span>
     <span class='ocr_line' id='line_1_32' title="bbox 150 3116 961 3201; baseline -0.002 -22"><span class='ocrx_word' id='word_1_241' title='bbox 150 3116 309 3198; x_wconf 66' lang='grc' dir='ltr'><strong><em>προσέχειν</em></strong></span> <span class='ocrx_word' id='word_1_242' title='bbox 324 3122 364 3201; x_wconf 79' lang='grc' dir='ltr'>τῷ</span> <span class='ocrx_word' id='word_1_243' title='bbox 380 3116 518 3201; x_wconf 78' lang='grc' dir='ltr'><strong><em>πολέμῳ,</em></strong></span> <span class='ocrx_word' id='word_1_244' title='bbox 541 3121 735 3199; x_wconf 78' lang='grc' dir='ltr'><strong><em>μαγγανείαις</em></strong></span> <span class='ocrx_word' id='word_1_245' title='bbox 748 3142 780 3180; x_wconf 86' lang='grc' dir='ltr'>τε</span> <span class='ocrx_word' id='word_1_246' title='bbox 795 3120 961 3190; x_wconf 82' lang='grc' dir='ltr'><strong><em>παντοίαις.</em></strong></span> 
     </span>
    </p>

    <p class='ocr_par' dir='ltr' id='par_1_11' title="bbox 152 3199 1322 3368">
     <span class='ocr_line' id='line_1_33' title="bbox 236 3199 1258 3284; baseline -0.016 -13"><span class='ocrx_word' id='word_1_247' title='bbox 236 3202 310 3281; x_wconf 64' lang='lat' dir='ltr'>Peg·</span> <span class='ocrx_word' id='word_1_248' title='bbox 333 3206 406 3270; x_wconf 80' lang='lat'><strong>537.</strong></span> <span class='ocrx_word' id='word_1_249' title='bbox 431 3207 479 3268; x_wconf 94' lang='grc'><strong>18.</strong></span> <span class='ocrx_word' id='word_1_250' title='bbox 526 3202 767 3284; x_wconf 83' lang='grc' dir='ltr'><strong><em>Καιαιέλμασιν]</em></strong></span> <span class='ocrx_word' id='word_1_251' title='bbox 800 3201 938 3282; x_wconf 88' lang='lat' dir='ltr'>Theoph.</span> <span class='ocrx_word' id='word_1_252' title='bbox 961 3210 992 3261; x_wconf 86' lang='lat' dir='ltr'>et</span> <span class='ocrx_word' id='word_1_253' title='bbox 1014 3200 1121 3276; x_wconf 84' lang='lat' dir='ltr'>Georg.</span> <span class='ocrx_word' id='word_1_254' title='bbox 1143 3199 1258 3257; x_wconf 86' lang='lat' dir='ltr'>Mona-</span> 
     </span>
     <span class='ocr_line' id='line_1_34' title="bbox 152 3287 1322 3368; baseline 0 -22"><span class='ocrx_word' id='word_1_255' title='bbox 152 3287 245 3366; x_wconf 88' lang='lat' dir='ltr'>chus,</span> <span class='ocrx_word' id='word_1_256' title='bbox 267 3287 498 3368; x_wconf 81' lang='grc' dir='ltr'><strong><em>καταπέλμασιν.</em></strong></span> <span class='ocrx_word' id='word_1_257' title='bbox 529 3290 530 3297; x_wconf 72' lang='grc'>’</span> <span class='ocrx_word' id='word_1_258' title='bbox 612 3323 615 3331; x_wconf 48' lang='lat' dir='ltr'><em>s</em></span> <span class='ocrx_word' id='word_1_259' title='bbox 1320 3292 1322 3307; x_wconf 93' lang='lat'>&#39;</span> 
     </span>
    </p>

    <p class='ocr_par' dir='ltr' id='par_1_12' title="bbox 122 3359 1258 3538">
     <span class='ocr_line' id='line_1_35' title="bbox 122 3359 1258 3452; baseline -0.009 -14"><span class='ocrx_word' id='word_1_260' title='bbox 122 3409 127 3421; x_wconf 86' lang='lat'><strong>·</strong></span> <span class='ocrx_word' id='word_1_261' title='bbox 239 3373 313 3452; x_wconf 78' lang='lat' dir='ltr'>Peg.</span> <span class='ocrx_word' id='word_1_262' title='bbox 328 3372 412 3441; x_wconf 82' lang='grc'><strong>587.</strong></span> <span class='ocrx_word' id='word_1_263' title='bbox 436 3378 488 3438; x_wconf 81' lang='lat'>20.</span> <span class='ocrx_word' id='word_1_264' title='bbox 535 3373 667 3447; x_wconf 85' lang='grc' dir='ltr'><strong><em>Οπλίτας</em></strong></span> <span class='ocrx_word' id='word_1_265' title='bbox 690 3366 875 3451; x_wconf 66' lang='lat' dir='ltr'>detererem]</span> <span class='ocrx_word' id='word_1_266' title='bbox 897 3368 1034 3450; x_wconf 80' lang='grc' dir='ltr'><strong><em>Τλιοομλι.</em></strong></span> <span class='ocrx_word' id='word_1_267' title='bbox 1050 3366 1170 3432; x_wconf 77' lang='grc' dir='ltr'><strong><em>ὁπλῖται</em></strong></span> <span class='ocrx_word' id='word_1_268' title='bbox 1185 3359 1258 3428; x_wconf 70' lang='grc' dir='ltr'><strong><em>οίπέ.</em></strong></span> 
     </span>
     <span class='ocr_line' id='line_1_36' title="bbox 151 3456 891 3538; baseline -0.007 -16"><span class='ocrx_word' id='word_1_269' title='bbox 151 3466 261 3523; x_wconf 75' lang='lat' dir='ltr'>dovor.</span> <span class='ocrx_word' id='word_1_270' title='bbox 304 3460 396 3534; x_wconf 84' lang='lat' dir='ltr'>Mox,</span> <span class='ocrx_word' id='word_1_271' title='bbox 417 3458 532 3524; x_wconf 84' lang='grc' dir='ltr'><strong><em>ἐπέσεν.</em></strong></span> <span class='ocrx_word' id='word_1_272' title='bbox 573 3457 709 3538; x_wconf 88' lang='lat' dir='ltr'>Theoph.</span> <span class='ocrx_word' id='word_1_273' title='bbox 731 3456 891 3520; x_wconf 81' lang='grc' dir='ltr'><strong><em>ἐπέπεσεν.</em></strong></span> 
     </span>
    </p>

    <p class='ocr_par' dir='ltr' id='par_1_13' title="bbox 153 3536 1259 3713">
     <span class='ocr_line' id='line_1_37' title="bbox 239 3536 1259 3623; baseline -0.007 -18"><span class='ocrx_word' id='word_1_274' title='bbox 239 3542 311 3623; x_wconf 82' lang='lat' dir='ltr'>Peg.</span> <span class='ocrx_word' id='word_1_275' title='bbox 332 3547 407 3611; x_wconf 84' lang='grc'><strong>588.</strong></span> <span class='ocrx_word' id='word_1_276' title='bbox 429 3551 460 3612; x_wconf 79' lang='grc'><strong>2.</strong></span> <span class='ocrx_word' id='word_1_277' title='bbox 503 3548 622 3618; x_wconf 83' lang='grc' dir='ltr'><strong><em>Δεινιδς</em></strong></span> <span class='ocrx_word' id='word_1_278' title='bbox 642 3536 918 3623; x_wconf 82' lang='grc' dir='ltr'><strong><em>αατανιλοιίμενος]</em></strong></span> <span class='ocrx_word' id='word_1_279' title='bbox 940 3541 1024 3600; x_wconf 83' lang='lat' dir='ltr'>llaec</span> <span class='ocrx_word' id='word_1_280' title='bbox 1044 3537 1154 3598; x_wconf 90' lang='lat' dir='ltr'>desunt</span> <span class='ocrx_word' id='word_1_281' title='bbox 1176 3536 1259 3618; x_wconf 83' lang='lat' dir='ltr'>apud</span> 
     </span>
     <span class='ocr_line' id='line_1_38' title="bbox 153 3630 379 3713; baseline 0.009 -23"><span class='ocrx_word' id='word_1_282' title='bbox 153 3630 379 3713; x_wconf 86' lang='lat' dir='ltr'>Theophanem.</span> 
     </span>
    </p>

    <p class='ocr_par' dir='ltr' id='par_1_14' title="bbox 151 3706 1361 4226">
     <span class='ocr_line' id='line_1_39' title="bbox 240 3706 1262 3794; baseline -0.013 -15"><span class='ocrx_word' id='word_1_283' title='bbox 240 3716 315 3794; x_wconf 77' lang='lat' dir='ltr'>Pag.</span> <span class='ocrx_word' id='word_1_284' title='bbox 336 3718 410 3785; x_wconf 83' lang='lat'><strong>638.</strong></span> <span class='ocrx_word' id='word_1_285' title='bbox 431 3715 461 3782; x_wconf 83' lang='grc'><strong>4.</strong></span> <span class='ocrx_word' id='word_1_286' title='bbox 507 3719 619 3793; x_wconf 82' lang='grc' dir='ltr'><strong><em>Ορασις</em></strong></span> <span class='ocrx_word' id='word_1_287' title='bbox 632 3712 769 3794; x_wconf 77' lang='grc' dir='ltr'><strong><em>ἐδείχθη]</em></strong></span> <span class='ocrx_word' id='word_1_288' title='bbox 792 3711 925 3790; x_wconf 88' lang='lat' dir='ltr'>ldipsum</span> <span class='ocrx_word' id='word_1_289' title='bbox 941 3710 1030 3771; x_wconf 88' lang='lat' dir='ltr'>etiam</span> <span class='ocrx_word' id='word_1_290' title='bbox 1043 3708 1145 3769; x_wconf 74' lang='lat' dir='ltr'>narrat</span> <span class='ocrx_word' id='word_1_291' title='bbox 1159 3706 1262 3768; x_wconf 82' lang='lat' dir='ltr'>Theo-</span> 
     </span>
     <span class='ocr_line' id='line_1_40' title="bbox 151 3793 1361 3879; baseline -0.006 -17"><span class='ocrx_word' id='word_1_292' title='bbox 151 3801 287 3864; x_wconf 84' lang='lat' dir='ltr'>doritus:</span> <span class='ocrx_word' id='word_1_293' title='bbox 319 3803 407 3863; x_wconf 89' lang='lat' dir='ltr'>aliter</span> <span class='ocrx_word' id='word_1_294' title='bbox 435 3823 508 3864; x_wconf 86' lang='lat' dir='ltr'>vero</span> <span class='ocrx_word' id='word_1_295' title='bbox 539 3798 738 3879; x_wconf 87' lang='lat' dir='ltr'>Theophanes</span> <span class='ocrx_word' id='word_1_296' title='bbox 767 3808 797 3857; x_wconf 87' lang='lat' dir='ltr'>et</span> <span class='ocrx_word' id='word_1_297' title='bbox 827 3799 935 3875; x_wconf 85' lang='lat' dir='ltr'>Georg.</span> <span class='ocrx_word' id='word_1_298' title='bbox 961 3796 1171 3855; x_wconf 86' lang='lat' dir='ltr'>Hamartolue:</span> <span class='ocrx_word' id='word_1_299' title='bbox 1200 3793 1261 3879; x_wconf 74' lang='grc' dir='ltr'>δρᾷ</span> <span class='ocrx_word' id='word_1_300' title='bbox 1356 3846 1361 3855; x_wconf 97' lang='grc'><strong>.</strong></span> 
     </span>
     <span class='ocr_line' id='line_1_41' title="bbox 155 3876 1259 3971; baseline -0.009 -21"><span class='ocrx_word' id='word_1_301' title='bbox 155 3886 281 3971; x_wconf 74' lang='grc' dir='ltr'><strong><em>ἄγγελον</em></strong></span> <span class='ocrx_word' id='word_1_302' title='bbox 308 3889 357 3953; x_wconf 80' lang='grc' dir='ltr'>ἐπὶ</span> <span class='ocrx_word' id='word_1_303' title='bbox 376 3885 410 3952; x_wconf 83' lang='grc' dir='ltr'>ιδ</span> <span class='ocrx_word' id='word_1_304' title='bbox 433 3885 529 3971; x_wconf 76' lang='lat' dir='ltr'>depos</span> <span class='ocrx_word' id='word_1_305' title='bbox 556 3886 666 3948; x_wconf 76' lang='grc' dir='ltr'><strong><em>ἐσιώπα</em></strong></span> <span class='ocrx_word' id='word_1_306' title='bbox 687 3889 833 3965; x_wconf 72' lang='grc' dir='ltr'><strong><em>λαμπρῶς</em></strong></span> <span class='ocrx_word' id='word_1_307' title='bbox 853 3881 1078 3963; x_wconf 74' lang='grc' dir='ltr'><strong><em>ἐστολισμένον,</em></strong></span> <span class='ocrx_word' id='word_1_308' title='bbox 1105 3880 1158 3944; x_wconf 79' lang='lat' dir='ltr'>eol</span> <span class='ocrx_word' id='word_1_309' title='bbox 1175 3876 1259 3961; x_wconf 74' lang='lat' dir='ltr'>mopsi</span> 
     </span>
     <span class='ocr_line' id='line_1_42' title="bbox 154 3962 1260 4056; baseline -0.013 -19"><span class='ocrx_word' id='word_1_310' title='bbox 154 3983 238 4056; x_wconf 78' lang='grc' dir='ltr'><strong><em>χεῖρα</em></strong></span> <span class='ocrx_word' id='word_1_311' title='bbox 258 3970 308 4039; x_wconf 80' lang='lat' dir='ltr'>cdo</span> <span class='ocrx_word' id='word_1_312' title='bbox 329 3973 459 4038; x_wconf 87' lang='grc' dir='ltr'><strong><em>Βασιλέα</em></strong></span> <span class='ocrx_word' id='word_1_313' title='bbox 487 3974 656 4055; x_wconf 71' lang='lat' dir='ltr'>spoletium</span> <span class='ocrx_word' id='word_1_314' title='bbox 683 3966 909 4032; x_wconf 79' lang='grc' dir='ltr'><strong><em>Κωνστοίντιον.</em></strong></span> <span class='ocrx_word' id='word_1_315' title='bbox 951 3968 1068 4028; x_wconf 77' lang='lat' dir='ltr'>Auctor</span> <span class='ocrx_word' id='word_1_316' title='bbox 1095 3967 1192 4043; x_wconf 83' lang='lat' dir='ltr'>infra,</span> <span class='ocrx_word' id='word_1_317' title='bbox 1222 3962 1260 4024; x_wconf 87' lang='lat' dir='ltr'>de</span> 
     </span>
     <span class='ocr_line' id='line_1_43' title="bbox 154 4047 1260 4144; baseline -0.008 -24"><span class='ocrx_word' id='word_1_318' title='bbox 154 4060 263 4140; x_wconf 80' lang='lat' dir='ltr'>Magi-s:</span> <span class='ocrx_word' id='word_1_319' title='bbox 288 4062 452 4144; x_wconf 71' lang='grc' dir='ltr'><strong><em>διέγνωσαν</em></strong></span> <span class='ocrx_word' id='word_1_320' title='bbox 467 4063 524 4122; x_wconf 77' lang='lat' dir='ltr'>rori</span> <span class='ocrx_word' id='word_1_321' title='bbox 537 4057 686 4137; x_wconf 82' lang='grc' dir='ltr'><strong><em>φανέντος</em></strong></span> <span class='ocrx_word' id='word_1_322' title='bbox 699 4055 834 4138; x_wconf 86' lang='grc' dir='ltr'><strong><em>Αγγέλον</em></strong></span> <span class='ocrx_word' id='word_1_323' title='bbox 855 4051 913 4117; x_wconf 78' lang='lat' dir='ltr'>odo</span> <span class='ocrx_word' id='word_1_324' title='bbox 922 4058 970 4116; x_wconf 80' lang='lat' dir='ltr'>-roi</span> <span class='ocrx_word' id='word_1_325' title='bbox 984 4053 1186 4136; x_wconf 66' lang='lat' dir='ltr'>Kooorovriep</span> <span class='ocrx_word' id='word_1_326' title='bbox 1201 4047 1260 4131; x_wconf 70' lang='grc' dir='ltr'>τήν</span> 
     </span>
     <span class='ocr_line' id='line_1_44' title="bbox 152 4141 1062 4226; baseline -0.013 -16"><span class='ocrx_word' id='word_1_327' title='bbox 152 4142 301 4226; x_wconf 77' lang='grc' dir='ltr'><strong><em>δύναμιν·</em></strong></span> <span class='ocrx_word' id='word_1_328' title='bbox 325 4168 400 4226; x_wconf 92' lang='lat' dir='ltr'>quae</span> <span class='ocrx_word' id='word_1_329' title='bbox 422 4145 544 4226; x_wconf 88' lang='lat' dir='ltr'>quidem</span> <span class='ocrx_word' id='word_1_330' title='bbox 567 4144 655 4203; x_wconf 86' lang='lat' dir='ltr'>aliter</span> <span class='ocrx_word' id='word_1_331' title='bbox 677 4143 818 4222; x_wconf 86' lang='lat' dir='ltr'>concepit</span> <span class='ocrx_word' id='word_1_332' title='bbox 838 4141 942 4220; x_wconf 82' lang='lat' dir='ltr'>Theop</span> <span class='ocrx_word' id='word_1_333' title='bbox 966 4160 1062 4200; x_wconf 77' lang='lat' dir='ltr'>aneo·</span> 
     </span>
    </p>

    <p class='ocr_par' dir='ltr' id='par_1_15' title="bbox 152 4224 1263 4489">
     <span class='ocr_line' id='line_1_45' title="bbox 241 4224 1261 4311; baseline -0.019 -14"><span class='ocrx_word' id='word_1_334' title='bbox 241 4230 316 4311; x_wconf 75' lang='lat' dir='ltr'>Pug-</span> <span class='ocrx_word' id='word_1_335' title='bbox 337 4233 408 4296; x_wconf 83' lang='grc'><strong>589.</strong></span> <span class='ocrx_word' id='word_1_336' title='bbox 432 4238 460 4297; x_wconf 94' lang='grc'><strong>1.</strong></span> <span class='ocrx_word' id='word_1_337' title='bbox 508 4236 553 4308; x_wconf 72' lang='lat' dir='ltr'>Tri</span> <span class='ocrx_word' id='word_1_338' title='bbox 569 4227 672 4311; x_wconf 73' lang='lat' dir='ltr'>ovy‘]</span> <span class='ocrx_word' id='word_1_339' title='bbox 697 4227 814 4288; x_wconf 71' lang='lat' dir='ltr'>Euhoe</span> <span class='ocrx_word' id='word_1_340' title='bbox 830 4227 977 4287; x_wconf 85' lang='lat' dir='ltr'>Chronici</span> <span class='ocrx_word' id='word_1_341' title='bbox 991 4227 1059 4287; x_wconf 86' lang='lat' dir='ltr'>loce</span> <span class='ocrx_word' id='word_1_342' title='bbox 1075 4224 1145 4283; x_wconf 83' lang='lat' dir='ltr'>licet</span> <span class='ocrx_word' id='word_1_343' title='bbox 1162 4236 1261 4293; x_wconf 71' lang='lat' dir='ltr'>emen·</span> 
     </span>
     <span class='ocr_line' id='line_1_46' title="bbox 153 4254 1263 4399; baseline -0.005 -23"><span class='ocrx_word' id='word_1_344' title='bbox 153 4316 230 4377; x_wconf 85' lang='lat' dir='ltr'>dare</span> <span class='ocrx_word' id='word_1_345' title='bbox 245 4317 483 4399; x_wconf 77' lang='lat' dir='ltr'>Theophanem:</span> <span class='ocrx_word' id='word_1_346' title='bbox 506 4294 599 4390; x_wconf 75' lang='grc' dir='ltr'><strong><em>αέλτδς</em></strong></span> <span class='ocrx_word' id='word_1_347' title='bbox 614 4254 718 4376; x_wconf 55' lang='lat' dir='ltr'>diedo</span> <span class='ocrx_word' id='word_1_348' title='bbox 732 4319 796 4387; x_wconf 81' lang='grc' dir='ltr'><strong><em>τοῖς</em></strong></span> <span class='ocrx_word' id='word_1_349' title='bbox 815 4314 904 4387; x_wconf 88' lang='grc' dir='ltr'><strong><em>ίδίοις</em></strong></span> <span class='ocrx_word' id='word_1_350' title='bbox 918 4308 980 4392; x_wconf 64' lang='lat' dir='ltr'>pepi</span> <span class='ocrx_word' id='word_1_351' title='bbox 989 4315 1003 4330; x_wconf 69' lang='lat'>⁴</span> <span class='ocrx_word' id='word_1_352' title='bbox 1017 4310 1121 4373; x_wconf 81' lang='grc' dir='ltr'><strong><em>ἐδίωκε</em></strong></span> <span class='ocrx_word' id='word_1_353' title='bbox 1133 4301 1190 4383; x_wconf 64' lang='grc' dir='ltr'>νίν</span> <span class='ocrx_word' id='word_1_354' title='bbox 1202 4322 1263 4367; x_wconf 64' lang='lat' dir='ltr'><em>w</em></span> 
     </span>
     <span class='ocr_line' id='line_1_47' title="bbox 152 4332 1263 4489; baseline -0.005 -24"><span class='ocrx_word' id='word_1_355' title='bbox 152 4404 244 4487; x_wconf 78' lang='grc' dir='ltr'><strong><em>τρίδα</em></strong></span> <span class='ocrx_word' id='word_1_356' title='bbox 257 4448 389 4468; x_wconf 87' lang='grc'><strong>.....</strong></span> <span class='ocrx_word' id='word_1_357' title='bbox 409 4397 559 4488; x_wconf 79' lang='grc' dir='ltr'><strong><em>πρότερον</em></strong></span> <span class='ocrx_word' id='word_1_358' title='bbox 579 4404 702 4489; x_wconf 70' lang='grc' dir='ltr'><strong><em>λοιμικῇ</em></strong></span> <span class='ocrx_word' id='word_1_359' title='bbox 721 4395 800 4487; x_wconf 73' lang='grc' dir='ltr'><strong><em>νδσγο</em></strong></span> <span class='ocrx_word' id='word_1_360' title='bbox 833 4332 1068 4480; x_wconf 74' lang='grc' dir='ltr'><strong><em>διαφθαρέδιες·</em></strong></span> <span class='ocrx_word' id='word_1_361' title='bbox 1103 4410 1172 4461; x_wconf 73' lang='lat' dir='ltr'>nam</span> <span class='ocrx_word' id='word_1_362' title='bbox 1194 4386 1263 4473; x_wconf 70' lang='grc' dir='ltr'>Ρῠέῑ</span> 
     </span>
    </p>
   </div>
   <div class='ocr_carea' id='block_1_3' title="bbox 0 0 1539 4900">
    <p class='ocr_par' dir='ltr' id='par_1_16' title="bbox 0 0 1539 4900">
     <span class='ocr_line' id='line_1_48' title="bbox 0 0 1539 4900; baseline 0 0"><span class='ocrx_word' id='word_1_363' title='bbox 0 0 1539 4900; x_wconf 95' lang='lat' dir='ltr'> </span> 
     </span>
    </p>
   </div>
  </div>
 </body>
</html>
