2944 4896
333 356 404 428 108
573 356 755 424 SELEGTA
776 357 831 422 AD
852 354 1221 428 ILLUSTRATIONEM
1282 424 1287 433 .

414 522 500 585 Mani
518 544 621 585 omnes
634 525 704 584 anni
721 544 827 586 ccxcv.
997 560 1013 593 a

414 610 479 670 Pon
495 630 574 688 quos,
597 620 729 690 tempora
744 611 805 690 jam
819 610 901 689 apud
917 610 1037 673 Graecia
1048 633 1086 673 ex
1099 611 1334 674 constructione
1349 614 1429 692 Olyn

325 697 439 776 pindum
451 704 522 754 sunt
534 697 630 755 clara:
652 716 715 756 nom
729 717 812 775 sapae
827 696 866 756 ad
878 694 1084 758 Alexandrum
1098 697 1298 758 Macedonem
1316 699 1430 758 fuerunt

220 790 244 843 V
260 790 314 847 886
331 781 527 861 Olympiades
542 801 622 846 cx1v.
639 802 708 862 puae
722 782 839 842 faciunt
855 802 951 849 annos
967 803 1102 845 ccccm.
1118 787 1152 844 ab
1156 785 1258 862 ''Iphtto
1274 805 1329 864 pne
1324 788 1429 844 canati

327 869 387 929 mit
398 867 622 1035 (pibnpieppam
635 971 731 1032 usqua
747 952 785 1012 ad
801 952 952 1014 Christum
967 954 1142 1034 Olympiadas
1155 974 1250 1016 cxxx.
1262 954 1358 1033 qnod
1372 963 1429 1012 sunt

328 1038 399 1100 {nni
414 1058 519 1099 GCGXX.

414 1123 553 1184 AClrislo
565 1128 653 1181 anton
665 1141 751 1202 nsque
761 1142 871 1182 annum
888 1145 947 1183 1111
955 1125 1066 1205 Imperii
1075 1078 1428 1202 ALEXANbfflolyn

328 1208 433 1292 piades
449 1228 536 1268 mn.
553 1208 622 1286 qnod
636 1214 699 1268 sant
712 1210 779 1267 anni
790 1228 933 1271 ccxxxvi.

414 1297 485 1355 Sunt
506 1313 569 1370 erga
589 1310 678 1363 opem
692 1293 865 1375 Olympiades
884 1314 980 1373 usqne
999 1314 1101 1367 onnon
1117 1314 1177 1355 xm
1191 1286 1430 1355 ALEXANDM

331 1379 465 1441 Caesaris
480 1380 655 1460 Olympiades
668 1399 766 1439 canan.
783 1381 853 1460 pand
864 1385 927 1440 asni
939 1384 1006 1440 anni
1018 1399 1097 1449 un.

508 1468 513 1481 “
532 1462 670 1519 'Hactenus
692 1464 756 1516 Cod.
773 1470 848 1517 once
867 1465 968 1535 Golleg.
984 1464 1043 1516 Soa.
1058 1464 1119 1517 ,lasa
1137 1461 1223 1517 Poris.

521 1566 1239 1665 noninacsnsrnnsa

412 1721 527 1797 adam,
550 1722 640 1800 Setb,
663 1724 760 1799 Enos,
784 1725 913 1801 Calain,
933 1723 1088 1796 Malaleel,
1112 1720 1218 1796 Jared,
1241 1722 1353 1799 Enoc,
1375 1720 1425 1779 Ma·

328 1809 472 1885 tusalam,
494 1807 639 1886 Lamech,
667 1809 749 1888 Noe,
779 1810 866 1885 Sem,
895 1809 1039 1882 Ariaxat,
1070 1809 1158 1884 Sala,
1187 1806 1314 1881 Heber,
1344 1806 1426 1878 Falsa,

329 1894 385 1955 snb
401 1915 461 1975 quo
483 1893 579 1954 divisa
599 1905 646 1955 est
660 1904 759 1970 terra,
781 1897 897 1971 Ragau,
919 1898 1030 1972 Seruo,
1052 1894 1170 1971 Nagor,
1193 1891 1427 1969 Thara‚‚ana-

328 1980 415 2055 ham,
438 1980 538 2055 Isaac,
560 1980 668 2055 Jacob,
697 1979 791 2054 Juda,
821 1980 929 2055 Feres,
958 1983 1083 2053 Earum,
1114 1980 1221 2053 Mam,
1255 1975 1426 2045 Aminadsla

327 2067 476 2140 Naasson,
492 2066 628 2141 Salmon,
650 2066 728 2143 Boz,
751 2065 846 2140 Obet,
868 2065 964 2139 Jesse,
988 2064 1273 2142 David,Salomon,
1291 2065 1426 2133 Roboan

327 2151 451 2227 Abiam,
474 2149 550 2226 Asa,
571 2149 732 2230 iosaphat,
754 2150 871 2224 loram,
888 2149 1053 2224 chozias,
1071 2151 1157 2225 Joas,
1168 2149 1326 2227 Anrasias,
1344 2149 1438 2220 Oaiaa‘

328 2235 480 2313 inathen,
502 2234 623 2320 Achaz,
644 2236 807 2311 Ezechias,
830 2236 995 2313 Manassen,
1019 2238 1125 2305 Amos,
1149 2235 1258 2305 lorias.

359 2390 361 2395 .
389 2336 392 2345 “
411 2323 508 2384 iosias
522 2331 620 2383 autern
635 2323 736 2400 genuit
750 2323 864 2385 Jonaan
881 2331 911 2382 et
922 2322 1059 2384 Joschim
1076 2331 1105 2381 et
1118 2321 1227 2383 fratres
1242 2319 1336 2399 ejus,
1360 2318 1426 2379 Elia-

327 2408 409 2469 chien
439 2407 492 2489 qui
520 2418 550 2469 et
579 2408 713 2469 loaehim
736 2417 766 2470 et
793 2407 948 2476 Sadeoiam
976 2408 1031 2489 qni
1059 2416 1089 2471 et
1110 2407 1245 2471 Jeconiaa
1265 2405 1378 2466 dictus
1395 2410 1427 2463 est

328 2495 440 2557 salnnc

286 2644 290 2663 1
413 2580 450 2638 In
466 2577 726 2656 transmigratione
742 2587 840 2640 autem
859 2579 1043 2661 Babyloniae
1056 2578 1188 2641 Joachim
1203 2577 1313 2657 genuit
1328 2575 1428 2639 leobo-

327 2667 408 2725 niam
431 2674 464 2727 et
485 2664 648 2724 sedeciam.
691 2667 827 2727 laconiae
848 2676 950 2729 antem
972 2667 1074 2746 gennit
1099 2663 1259 2739 Salatbiel,
1282 2663 1427 2723 Fannesm

328 2760 358 2811 et
373 2752 458 2827 Sale,
483 2751 556 2810 Saea
567 2760 597 2810 st
608 2750 779 2828 laconiam,
801 2751 948 2813 Ortamno
964 2763 994 2814 et
1009 2752 1101 2815 Daebi
1119 2760 1149 2811 et
1161 2749 1323 2824 filifania,
1341 2751 1428 2808 Zoro·

327 2836 416 2897 babel
431 2846 463 2896 et
475 2834 581 2895 fratrea
596 2836 659 2916 ejus
674 2837 767 2897 Abiut
780 2848 809 2896 et
825 2838 967 2898 Masolam
983 2848 1013 2898 et
1025 2838 1169 2912 Ananias,
1186 2846 1216 2896 et
1226 2834 1337 2911 Saladi
1353 2849 1427 2894 soror

329 2940 451 2990 eorum,
474 2929 504 2979 et
527 2921 638 2983 Sedbel
656 2932 686 2982 et
701 2921 819 3003 Thoul,
843 2934 873 2984 et
887 2923 1018 3000 Archia,
1041 2933 1071 2984 et
1096 2921 1220 3003 Asadia,
1243 2930 1275 2981 et
1293 2921 1427 2980 Sobescc

378 3020 384 3033 ·
413 3004 611 3065 hedificatum
634 3018 680 3067 est
710 3017 810 3067 autem
837 3010 1040 3069 sanctuarinm
1065 3020 1198 3089 tempore
1225 3004 1428 3075 Zorobabelis,

329 3089 415 3169 cujus
433 3091 513 3150 filius
530 3090 645 3154 Abiud:
668 3091 777 3152 debinc
791 3093 954 3170 Eliachim‚
978 3098 1070 3173 Azor,
1094 3094 1209 3167 Sadoc,
1226 3090 1363 3167 Achim,
1385 3089 1428 3149 lla
1451 3090 1452 3175 l

327 3175 410 3253 liud,
444 3177 584 3253 Eleazar,
616 3177 757 3250 Mathan,
788 3180 897 3257 Jacob,
927 3179 1035 3260 loseph
1050 3225 1060 3256 ,
1098 3180 1147 3240 cui
1173 3178 1361 3256 desponsata
1383 3175 1452 3259 fuit}

327 3261 419 3342 Virgo
432 3263 551 3340 Massi,
575 3284 651 3343 quae
667 3263 770 3343 genuit
783 3265 879 3326 lascis
892 3268 1053 3326 camaenas
1066 3285 1103 3324 ex
1118 3265 1233 3346 Spiritu
1247 3265 1382 3323 Sancto.
1451 3276 1452 3295 t

585 3399 944 3493 PROPHETARUM
974 3402 1173 3463 NOMINA..

413 3519 526 3597 Adam,
556 3520 634 3596 Noe,
664 3518 831 3596 Abraham,
858 3519 969 3593 isaac,
995 3520 1112 3596 Jacob,
1142 3520 1288 3599 Moyses,
1323 3519 1429 3588 Aaron,

148 3624 151 3627 ’
207 3668 211 3673 ,
261 3632 265 3642 ·
326 3606 409 3665 Jesus
426 3607 528 3684 Nave,
550 3605 666 3666 Heldab
682 3616 711 3665 et
724 3606 826 3667 Modat
835 3606 985 3685 ,Matan,·
1005 3606 1119 3685 David,
1139 3606 1303 3681 Salomon,
1323 3605 1430 3665 Elmo·

327 3690 400 3763 dac,
429 3688 538 3750 Achias
565 3692 707 3768 silonita,
737 3694 856 3752 Sameas
880 3689 959 3751 iilius
987 3693 1095 3768 Elam,
1128 3690 1289 3768 Ananias,
1318 3689 1452 3765 Helias,

327 3775 457 3834 Micheas
470 3774 550 3837 filius
563 3776 702 3853 Emblac,
725 3776 844 3853 abdiu,
859 3775 1012 3856 Heliseus,
1025 3778 1180 3855 Abladan,
1199 3779 1303 3852 Amos,
1320 3775 1430 3843 Esaiae

262 3912 267 3916 .
326 3860 403 3921 Osee
418 3860 497 3921 filius
517 3863 617 3939 Beeri,
643 3865 769 3937 Joanas,
791 3859 943 3940 Micheas,
967 3827 1084 3941 aibas,
1106 3862 1192 3923 Johel
1213 3861 1297 3922 filius
1315 3861 1430 3933 Balad,

326 3936 468 4007 deremiae
493 3947 575 4008 filius
600 3948 724 4009 Heleiae
747 3906 933 4027 Sacerdotis,
964 3948 1149 4031 Sophoniss,
1175 3947 1257 4024 Buz,
1282 3947 1431 4021 Ezechiel,

325 4032 423 4108 Urias,
447 4036 581 4111 Sameas,
603 4031 775 4109 Ambac'uc,
795 4033 908 4112 Naum,
943 4037 1068 4110 llaniel,
1063 4031 1243 4094 Malachiae
1252 4033 1429 4112 ,Aggasus¹

325 4117 501 4195 Zacharias,
524 4128 553 4178 et
569 4119 624 4177 sub
641 4117 760 4179 Christo
778 4118 895 4180 Simeon
910 4131 941 4184 et
954 4121 1081 4183 loannes
1094 4121 1236 4200 Baptista

412 4205 490 4263 lasis
508 4204 647 4264 Mulieres
669 4204 890 4285 Prophetissae,
922 4208 1027 4284 Salrra,
1051 4205 1202 4282 Rebecca,
1226 4204 1319 4263 Maria
1344 4224 1430 4265 soror

327 4286 440 4368 Moysi,
460 4289 617 4361 Debbora,
639 4288 745 4372 Oliba,
769 4301 800 4353 et
816 4290 873 4351 sub
889 4292 1008 4354 Christo
1022 4294 1123 4371 Anna,
1135 4288 1302 4367 Elisabeth,
1324 4289 1429 4351 Masis

154 4373 157 4379 ’
274 4439 277 4445 ὴ
328 4392 404 4453 qnae
420 4374 523 4455 gennit
536 4374 705 4437 Canisrnn.
843 4404 846 4417 ·
890 4408 894 4419 ν
