2944 4896
464 347 665 420 cnttottlcl
688 351 923 441 Puscfluus.
1168 356 1242 455 215

139 513 275 594 triplicia
295 524 382 577 aunt:
400 514 452 576 vel
473 518 551 578 enim
572 517 737 580 aecundum
758 518 915 583 nationum
937 518 1142 597 differentiae,
1159 544 1242 607 qnae

140 600 261 659 eoadem
283 599 396 665 habant
415 616 510 663 annua
529 602 568 662 ela
589 603 694 677 eodem
713 615 839 684 coaptas
861 605 1033 687 principio,
1053 609 1107 672 aad
1129 610 1161 671 iu
1180 631 1240 670 no-

138 685 274 745 minibna
294 686 448 763 (liverani,
476 689 527 748 vel
550 691 638 753 etiam
666 691 697 750 in
725 689 896 753 nominibus
916 701 946 752 et
973 692 1088 771 rebus,
1115 696 1241 757 cumin

139 771 311 831 nominibus
338 772 469 844 scilicet,
508 774 541 834 in
561 794 709 837 annorum
736 785 837 837 autem
859 776 953 837 initiia
975 777 1094 840 duobua
1113 780 1163 840 vel
1183 780 1242 841 tri-

137 856 210 933 bua,
231 865 288 919 aut
308 857 347 918 ad
368 859 533 936 plurimum
553 861 585 921 in
607 870 723 942 neptem
744 861 849 923 diabua
867 862 1059 938 dissentiant,
1082 865 1241 927 dumanni

136 943 188 1001 vel
210 942 323 1003 mannia
339 954 534 1023 praevertunt
553 944 657 1023 initia,
686 965 722 1006 ac
750 947 879 1027 denique
906 949 938 1008 in
961 948 1112 1008 mentibus
1134 950 1239 1012 eadem
1310 940 1313 953 ¹

136 1025 317 1087 habentibus
351 1029 517 1111 principia,
553 1031 641 1091 aliter
668 1040 768 1091 autem
795 1052 883 1093 anno.
934 1033 1061 1101 Romani
1091 1035 1183 1113 igitur
1209 1045 1240 1097 et

138 1113 249 1172 Graeci
272 1113 373 1174 eadem
394 1117 542 1176 manaimn
562 1115 675 1176 habant
695 1116 798 1194 initia,
820 1117 874 1178 aad
887 1118 920 1177 in
934 1118 1107 1183 nominum
1120 1130 1239 1182 tantum

136 1198 290 1259 differunt.
335 1205 361 1258 Δ
382 1202 525 1263 Romania
553 1205 666 1282 qnippe
695 1203 749 1278 qui
770 1212 900 1264 vocatur
920 1203 1050 1284 Aprilia,
1076 1224 1095 1265 a
1117 1205 1240 1267 Graecia

135 1283 309 1345 Xanthicua
329 1287 515 1365 appellatur,
539 1287 681 1366 idemque
700 1286 790 1348 habat
809 1288 1008 1369 principiumz
1028 1289 1143 1369 primus
1159 1292 1240 1353 onim

136 1367 202 1429 dica
221 1369 369 1430 Xanthioi
387 1373 504 1451 primua
526 1381 572 1433 eat
592 1373 655 1433 dica
677 1373 800 1453 Aprilis.
841 1374 979 1435 Jamvero
1001 1394 1112 1435 annum
1133 1378 1241 1437 ineunt

137 1454 249 1514 Graeci
270 1457 485 1535 aScptembri,
507 1459 634 1518 Romani
656 1468 754 1519 autem
775 1480 792 1516 a
813 1458 972 1536 Ianuario,
994 1460 1101 1539 aicque
1113 1462 1240 1522 Romani

136 1549 165 1599 et
187 1540 296 1600 Graeci
321 1541 424 1600 eadem
446 1540 558 1603 habent
581 1544 745 1620 menaium,
779 1564 838 1603 non
860 1565 933 1605 vero
956 1565 1102 1607 annorum
1124 1547 1239 1625 princi-

135 1625 205 1703 pia:
231 1628 362 1685 Rursum
387 1627 509 1688 Graecia
535 1637 565 1689 et
587 1627 794 1688 Alexandrinis
822 1649 859 1689 ac
874 1630 1029 1709 Aegyptiia
1050 1630 1239 1693 eadcmaunt

136 1731 288 1771 annornm
309 1711 410 1789 initia,
433 1733 501 1773 cnm
523 1714 590 1796 ipso
615 1715 719 1773 eodem
741 1734 842 1774 menae
862 1713 980 1790 Thoan,
1002 1735 1063 1774 non
1077 1736 1152 1776 vero
1175 1717 1238 1777 die·

133 1794 193 1856 bua
215 1797 322 1857 iisdem
345 1817 455 1857 annum
476 1799 586 1859 ineant
635 1801 695 1861 Sed
717 1819 753 1861 ac
774 1799 844 1859 anni
867 1810 898 1859 et
918 1799 1096 1858 Indictionia
1117 1801 1236 1861 initium

135 1881 255 1942 ducunt
280 1883 385 1942 Graeci
413 1883 513 1964 primo
541 1884 650 1945 manain
678 1905 695 1942 a
718 1883 860 1942 Romania
890 1882 1033 1964 appellati
1053 1885 1238 1962 Septembria

134 1968 199 2027 die:
223 1966 417 2043 Alexandrini
439 1978 540 2033 autem
561 1969 692 2050 primum
714 1967 897 2050 Septembris
918 1969 1028 2045 mensis
1049 1969 1155 2030 dicbua
1177 1972 1236 2029 tri·

132 2051 192 2113 bna
221 2062 445 2133 praevertunt,
485 2070 577 2115 xxrx.
603 2055 720 2114 seilicet
746 2053 856 2114 mentia
888 2054 1015 2134 Augusti
1044 2074 1125 2115 anno
1152 2055 1237 2118 inito.
1349 2058 1352 2067 '

133 2137 286 2199 llifferunt
307 2138 395 2198 etiam
417 2140 499 2199 circa
519 2159 651 2215 menaea,
673 2141 745 2200 dum
768 2139 893 2217 cingulia
916 2140 1066 2200 menaibua
1081 2161 1158 2203 xxx.
1172 2140 1237 2209 diea

131 2224 324 2299 adscribant,
352 2225 396 2285 ita
417 2234 454 2284 ut
475 2244 579 2286 ccccx.
600 2224 708 2284 diebus
735 2234 875 2284 constent
893 2244 949 2285 xn.
974 2244 1078 2287 eorum
1107 2245 1237 2301 menaea,

131 2318 210 2390 quot
223 2310 247 2368 ii
270 2308 334 2373 dica
354 2308 533 2373 conficiunt:
554 2308 747 2388 complentur
767 2329 842 2368 vero
862 2309 1119 2372 vicesimotertio
1140 2311 1238 2390 ipaiuu

132 2397 261 2473 Auguati
290 2395 376 2469 annia
404 2395 560 2473 nugalia,
595 2395 746 2473 aliumque
773 2392 907 2455 officiunt
938 2392 1083 2457 manaem.
1100 2395 1237 2474 quinqua

130 2480 249 2543 (Uerum
274 2498 313 2540 ax
333 2482 461 2561 reuqaia
480 2502 508 2545 v.
532 2476 657 2554 diebus,
686 2479 801 2540 acilicet
821 2497 909 2538 xxiv.
929 2499 1004 2538 xxv.
1025 2498 1115 2538 xxva.
1135 2500 1236 2551 xxm.
1337 2540 1340 2555 ,

130 2576 160 2627 et
182 2586 296 2630 xxvm.
339 2568 369 2624 fli
392 2570 465 2626 ve'ro
494 2565 724 2645 quadriennium
753 2573 918 2641 occurrat,
947 2564 981 2639 id
1003 2573 1049 2629 eat
1069 2564 1236 2641 Biaaextua,

130 2672 185 2714 aex
206 2648 288 2713 fiunt
307 2649 455 2731 ejusmodi
474 2652 619 2732 Epactae,
642 2652 688 2710 uti
708 2650 746 2720 ala
766 2651 804 2711 iia
826 2659 990 2727 vocantur,
1011 2649 1136 2727 singulia
1158 2670 1238 2729 qua-
1288 2646 1291 2651 “

130 2726 293 2815 meantia,
324 2747 380 2797 anx
407 2735 534 2798 dierum.
578 2739 703 2801 Veteres
730 2738 824 2816 poeto
851 2735 994 2815 Aegyptii
1017 2754 1142 2796 ccccxv.
1170 2736 1236 2796 diea

127 2824 281 2887 duntaxat
302 2842 380 2882 anno
401 2823 632 2895 adscribebant,
654 2841 718 2882 nou
738 2841 811 2881 veae
833 2840 958 2884 oocaxv.
982 2820 1237 2899 quemadmodum

128 2909 278 2985 Romam,
305 2909 429 2985 Graeci,
460 2917 490 2968 ut
510 2907 708 2983 Alexandrini
728 2927 784 2987 per
804 2926 900 2966 annoa
918 2926 1068 2969 uoucoax.
1109 2904 1155 2964 Ao
1170 2906 1237 2986 ipai

131 3017 202 3057 cum
223 2994 436 3055 Alaxmurini·
457 3002 487 3053 at
512 2994 635 3055 Graecia
656 2993 728 3053 anni
747 2992 934 3075 principium
956 2991 1086 3065 ineunt,
1115 2999 1146 3052 et
1164 3002 1236 3072 poat

129 3100 171 3147 av.
186 3099 283 3145 annoa
306 3088 374 3140 anta
395 3099 493 3141 unum
513 3079 609 3155 diem,
630 3079 748 3143 ac'ilioat
767 3077 945 3140 xxvn1.dia
965 3077 1075 3140 mentia
1090 3074 1234 3152 Augusti:

129 3169 236 3247 alequa
258 3164 384 3243 aingulia
405 3186 447 3225 av.
463 3165 550 3224 annia
570 3183 732 3245 praeverso
755 3164 804 3223 die
818 3182 899 3238 uno,
921 3172 1047 3243 propter
1059 3160 1250 3240 praedictoa,

128 3268 281 3315 uccomx.
303 3271 413 3327 annon,
441 3250 622 3310 restituitur.
671 3249 785 3322 Quater
812 3249 891 3308 enim
920 3264 1045 3307 ccccxv.
1067 3244 1235 3307 conficiunt

128 3356 279 3399 uococux.
321 3336 425 3396 Annus
446 3354 541 3415 porro
561 3344 592 3394 at
611 3354 725 3393 menaea
745 3333 911 3393 iucundum
929 3331 1082 3407 Judaaoa’,
1111 3350 1164 3388 aen
1186 3351 1234 3391 aa·

128 3423 265 3484 cundum
287 3421 420 3481 divinam
444 3421 557 3503 legem,
586 3419 708 3479 nomine
730 3428 761 3478 at
785 3438 820 3478 re
841 3440 859 3476 a
878 3416 1019 3492 Graecia,
1041 3414 1183 3473 Romania
1201 3425 1232 3475 et

128 3507 289 3588 Aegyptiis
310 3506 462 3567 differunt.
504 3505 657 3567 Menaibna
678 3503 758 3563 anim
777 3498 1095 3585 lunaribnaraiugulia
1114 3498 1232 3573 dierum

126 3592 218 3657 mal.
241 3612 346 3653 eorum
366 3612 462 3653 annue
483 3601 618 3666 constat,
639 3589 737 3668 iiaqua
755 3609 812 3651 ιιι.
832 3585 986 3648 menaibua
1001 3584 1159 3665 completio
1180 3584 1231 3661 in-

128 3692 176 3741 tra
198 3668 264 3740 alica
288 3698 404 3738 cocum.
425 3677 499 3749 lacit
517 3678 551 3737 ln
571 3677 660 3736 tertio
689 3674 798 3755 quovia
827 3693 906 3735 anno
926 3691 1059 3737 meniana
1080 3669 1234 3745 decimum
1336 3671 1341 3680 '

127 3766 271 3845 tertium,
293 3764 469 3843 colligitque
488 3764 552 3823 dien
573 3781 687 3823 xxxna
715 3757 933 3823 Habataatam
955 3758 1076 3821 omuino
1098 3756 1231 3827 medium

129 3851 200 3912 anni
227 3862 384 3922 mentem,
411 3862 506 3994 guam
526 3848 619 3908 Niaan
639 3854 772 3927 vocant,
809 3854 959 3907 acum.
981 3842 1092 3903 menois
1120 3841 1229 3915 Martii,

150 3937 183 3998 ni
205 3936 324 4017 primns
345 3944 390 3994 eat
434 3935 476 3993 ‘aa
496 3955 514 3992 a
536 3935 598 3993 Deo
620 3932 786 4007 conditus,
807 3951 871 4011 quo
897 3927 1044 4009 quioquid
1065 3936 1128 4002 eat,
1153 3945 1229 4005 pro-

128 3952 218 4085 luxit
244 4040 283 4083 ax
303 4018 399 4080 nihilo
428 4020 505 4079 neu·
533 4018 698 4080 secuudum
726 4015 822 4083 Patria
850 4017 1042 4096 propositam
1064 4021 1095 4073 at
1116 4030 1229 4090 coope-

127 4109 275 4169 rationem
297 4105 400 4166 Sancti
423 4104 571 4184 Spiritus,
601 4105 653 4184 qui
673 4103 811 4163 habitans
831 4101 865 4164 in
883 4108 984 4160 aancta
1006 4119 1060 4157 aua
1083 4096 1175 4155 Matre
1197 4102 1229 4153 et

127 4192 275 4275 Virgine,
317 4193 449 4273 ipsomet
477 4210 555 4253 anno
584 4190 759 4251 incarnatus
786 4195 832 4249 eat
844 4229 854 4261 ‚
898 4205 934 4246 ac
961 4184 1091 4265 ipsomet
1115 4179 1164 4239 die
1189 4197 1228 4237 ax
