3016 4898
447 372 681 442 w‹rrrrsouun
709 372 940 445 alannus
1021 372 1025 391 ²
1172 372 1276 448 aaa

161 538 258 608 5509.
280 538 483 621 Dionysianus
505 540 618 600 Natalis
639 542 813 622 competit,
826 542 903 602 citra
923 540 1152 603 diminutionem
1168 543 1275 622 ullam,

160 625 288 687 idoneas
316 626 355 686 ad
385 627 520 685 lunarem
534 625 722 687 'methodum
751 638 870 707 epactas
892 627 994 689 efficit.
1039 627 1131 701 Quod
1151 628 1276 709 si'epa-

161 721 285 772 ctarum
311 712 448 774 calculus
478 732 495 771 a
522 712 691 791 Septembri
719 714 840 773 initium
869 724 1018 788 sumeret,
1053 722 1118 772 tum
1152 715 1275 792 quidem

162 797 276 859 additis
299 798 337 856 ad
360 799 479 878 cyclum
507 798 721 877 llionysianum
743 800 857 874 tribus,
880 809 1002 878 epactae
1020 796 1281 879 propagarentur,

163 904 244 963 quae
273 903 343 943 cum
373 884 516 968 ποστιαίᾳ
544 884 656 944 mensis
686 895 716 944 et
742 906 803 946 uno
830 895 984 965 praeterea
1011 886 1159 962 regulari,
1181 906 1272 947 xxxa.

161 979 347 1043 constarent.
390 969 448 1028 Sed
475 989 514 1031 ex
544 990 581 1028 eo
609 971 728 1030 minime
758 971 897 1047 seqnitur
924 971 1274 1050 constantinopolitanos

161 1063 342 1134 computum
364 1053 454 1114 iatum
474 1053 556 1113 illius
578 1055 624 1113 rei
648 1077 736 1116 causa
753 1056 838 1114 annis
859 1077 921 1115 xiv.
945 1057 1111 1117 mutilanse:
1135 1077 1218 1128 cum,
1238 1068 1273 1118 ut
1307 1091 1309 1104 ι

161 1140 365 1218 ostendimus,
388 1161 483 1200 annus
506 1140 617 1199 Natalis
639 1142 773 1219 vulgaris
795 1143 909 1200 nonin
938 1162 1046 1201 annum
1066 1141 1160 1208 5495.
1184 1161 1272 1201 aerae

160 1225 248 1285 illiue
273 1225 464 1300 decurtatae,
488 1226 595 1285 sedin
617 1227 711 1293 6493.
736 1228 858 1288 incidat.
891 1228 1054 1287 Postremo
1069 1228 1092 1286 si
1114 1228 1146 1285 in
1168 1228 1272 1287 eadem

161 1331 249 1387 aera,
273 1312 360 1393 cujus
382 1332 478 1370 annus
500 1313 593 1377 5509.
615 1312 732 1390 vulgari
754 1314 855 1371 Natali
875 1315 1031 1391 congruit,
1059 1322 1179 1392 epactas
1201 1313 1271 1391 ple-

159 1396 231 1458 beio
246 1418 330 1458 mora
351 1397 546 1475 formaveris,
577 1397 687 1457 additis‘
711 1399 750 1457 ad
771 1401 890 1477 cyclum
914 1400 984 1458 anni
1007 1398 1133 1457 labentis
1155 1398 1269 1472 decem,

160 1490 228 1542 tum
255 1493 377 1563 praeter
406 1492 545 1563 epactas,
581 1485 733 1565 regulares
761 1485 931 1544 assumendi
954 1493 1062 1557 erunt,
1089 1492 1120 1542 et
1149 1484 1269 1561 quidem

159 1569 283 1650 plureaa
305 1568 558 1648 quemadmodum
580 1580 610 1628 et
632 1569 664 1628 in
689 1572 871 1649 Dionysiana
895 1572 982 1649 cyclo
1005 1569 1133 1644 accidit,
1156 1570 1186 1627 in
1209 1590 1271 1647 quo

156 1666 282 1734 epactae
304 1676 382 1734 quae
404 1675 442 1714 ax
464 1655 562 1713 aureis
583 1656 716 1714 numeris
739 1655 941 1731 consurgunt,
963 1656 1113 1733 regulares
1131 1656 1270 1714 omnibus

156 1741 292 1800 numeris
314 1742 445 1818 exigunt
489 1741 560 1799 Esto
574 1742 687 1820 ,cyclus
713 1741 913 1820 llionysianus
935 1763 978 1800 rx.
1013 1740 1271 1819 Constantinopo-

154 1825 270 1885 litanus
292 1846 345 1888 vu.
367 1835 491 1905 epactae
513 1846 591 1884 xvn.
615 1846 685 1885 curn
705 1846 795 1885 xvrn.
818 1827 1018 1901 dianiensis,
1040 1826 1216 1903 relinquunt
1239 1846 1269 1885 v.

155 1911 296 1971 Addendi
322 1910 415 1990 igitur
436 1912 589 1989 regulares
606 1931 697 1971 xxvi.
739 1912 800 1973 Sed
820 1911 897 1973 haec
918 1911 1079 1972 methodus
1101 1911 1200 1970 minua
1224 1920 1269 1972 est

115 2001 117 2004 ⁴
153 1998 260 2078 priore
280 1998 332 2059 illa
353 1997 528 2079 probabilis.

447 2372 473 2425 ⁴,
598 2384 814 2473 XXVIII.
1279 2413 1312 2463 rv
1328 2414 1381 2470 ³90

202 2535 495 2614 METHODUS
522 2539 590 2615 ΑΙ)
618 2533 912 2617 PASCHALES
941 2528 1225 2625 tERMlNOS,
1263 2517 1434 2643 &yffi

148 2666 241 2739 alvu
261 2678 425 2739 inustas
446 2678 651 2739 essentia
673 2673 981 2751 coenoscanus,
1004 2673 1088 2750 Quo
1104 2657 1387 2733 eneruauerunt·

414 2781 602 2842 eunoun
622 2781 834 2843 aesculus
857 2777 1010 2840 narina.
1265 2744 1324 2864 Ψ·
1341 2717 1382 2781 ¹¹·

239 2933 296 2995 Est
317 2935 505 2998 Graecorum
533 2935 784 3017 computatorum
812 2944 843 2995 et
871 2932 927 2992 alia
957 2928 1120 2991 methodus
1143 2925 1182 2987 ad
1205 2927 1265 2985 Pa-

149 3016 272 3082 schales
298 3021 462 3098 terminos,
492 3021 556 3081 sive
585 3023 711 3083 Iudaica
739 3019 883 3083 Pascbata
912 3015 1141 3095 cognoscenda,
1173 3033 1264 3091 quam
1291 3085 1299 3102 .

151 3104 327 3166 chronicon
349 3106 587 3168 Alexandrinum
610 3110 763 3187 sequitur:
798 3106 848 3167 eui
869 3125 930 3164 non
956 3105 1085 3161 multum
1108 3099 1263 3159 dissimilis

149 3200 201 3251 est
221 3212 256 3252 ea
276 3213 353 3271 quae
376 3193 408 3252 in
431 3193 580 3272 Computo
602 3193 740 3252 Andreae
763 3188 1031 3268 Hierosolymitani
1051 3186 1177 3263 legitur,
1205 3202 1264 3242 cu-

146 3276 202 3358 jus
232 3276 393 3338 declaratio
425 3279 465 3337 ad
492 3298 526 3336 ea
557 3298 634 3357 quae
664 3278 813 3359 capitibus
842 3271 1089 3337 antecedentibus
1112 3269 1262 3349 explicata

148 3371 225 3422 aunt
245 3383 305 3423 non
330 3384 436 3444 parum
459 3363 620 3423 conducet.

238 3448 334 3508 Annis
363 3450 400 3508 ab
431 3449 547 3509 Adamo
568 3470 625 3529 per
644 3468 711 3510 nx.
734 3445 923 3519 distributis,
952 3441 1071 3522 cyclum
1093 3438 1202 3510 lunae,
1232 3443 1263 3495 et

148 3532 181 3593 ei
210 3545 409 3612 congruentes
438 3544 559 3616 epactas
588 3535 724 3594 invenire
752 3528 847 3614 jubet.
891 3529 944 3588 His
974 3526 1083 3586 deinde
1105 3522 1170 3581 dies
1192 3542 1261 3583 xm.

149 3618 263 3697 addere
292 3617 346 3694 τοὶς
368 3616 427 3703 πρὸ
450 3626 513 3683 τῶν
537 3615 724 3702 pacarique,
759 3637 837 3697 quae
872 3613 1056 3674 antecedunt
1087 3608 1260 3706 luminaria.

147 3705 227 3765 Item
242 3701 463 3787 reuocabimus,
492 3708 663 3766 antelunorer
683 3726 734 3765 vu·
779 3704 861 3763 Tum·
879 3700 918 3759 ad
939 3694 1150 3777 complendam
1174 3694 1261 3754 decr-

148 3802 409 3870 mam'quartam,
444 3801 520 3871 quot
547 3812 625 3873 opus
645 3801 691 3852 eat
716 3786 779 3849 dies
799 3786 948 3867 adjicere.
991 3782 1102 3843 Facilis
1124 3789 1171 3841 est
1195 3798 1260 3878 me-

147 3873 281 3954 tbodus,
304 3899 321 3936 a
342 3879 486 3937 Kalendis
508 3878 642 3952 Martiis,
665 3876 705 3937 ad
725 3894 793 3937 vm.
814 3893 912 3952 usque
937 3870 1034 3947 diem,
1062 3886 1139 3955 qnae
1161 3885 1261 3945 prima

148 3969 199 4021 est
218 3962 383 4024 Neomenia
404 3962 576 4041 Pascbalis,
599 3961 664 4022 dies
684 3971 756 4021 sunt
777 3980 832 4021 vu.
859 3959 886 4021 li
900 3965 1061 4038 propterea
1078 3949 1261 4035 προσὲληνοι

146 4057 318 4124 vocantur,
347 4049 418 4129 quia
439 4049 567 4130 primam
587 4047 780 4109 Neomeniam
801 4043 996 4126 praecedunt.
1045 4039 1122 4098 Inde
1143 4036 1184 4096 ad
1204 4056 1259 4095 xx.

147 4132 268 4212 Martii,
290 4134 355 4194 dies
375 4155 444 4195 1111.
467 4134 518 4215 qui
542 4130 602 4216 πρὸ
617 4138 679 4196 τῶν
695 4124 866 4213 mumdum
886 4127 1101 4222 appellantur,
1114 4142 1150 4182 ao
1174 4119 1259 4201 quod

97 4289 101 4293 ¹
148 4220 281 4301 primam
303 4239 339 4280 ac
359 4219 492 4280 eitimam
519 4220 652 4279 omnium
679 4217 826 4279 decimam
849 4223 988 4294 quartam
1010 4226 1151 4293 promme
1172 4214 1258 4302 ante·

149 4303 283 4383 cedunt,
312 4325 397 4385 quae
419 4313 465 4366 est
489 4324 556 4366 111.
582 4302 694 4366 Martii.
734 4302 942 4362 Lumimrium
969 4305 1085 4382 autem
1103 4298 1257 4372 oppositio

58 4418 63 4429 ·
149 4388 217 4451 fieri
242 4391 279 4452 ab
300 4390 363 4452 illis
384 4390 550 4475 putabatur
569 4391 603 4454 in
623 4387 754 4452 termino
774 4383 923 4451 Pascbali·
965 4382 1071 4463 ltaque
1092 4376 1169 4440 eitra
1187 4384 1257 4437 ‘am-
1360 4402 1362 4411 ·
