2992 4894
250 298 299 374 64
647 290 959 359 rnaararro.

236 463 445 544 ‘tiocteunali,'
461 462 547 526 aede
562 462 649 544 cyclo
667 484 788 525 nxxxrr.
809 482 955 524 annorum
975 462 1053 542 agit,
1075 460 1115 522 sd
1135 476 1213 542 ques
1232 459 1359 538 stigen-

249 556 305 616 dos
321 554 385 613 dies
399 551 556 611 Paschsles
576 550 745 611 contendit:
767 559 832 609 tum
854 549 893 610 de
909 548 986 609 Solis
1000 547 1138 629 Epsctis,
1160 546 1199 606 de
1226 546 1304 605 Solis
1325 554 1362 606 et

251 642 353 700 Lunae
384 637 494 716 cyclis,
522 635 560 696 de
580 636 702 715 Epactis
722 637 839 712 Lunae,
869 635 908 695 de
930 633 1152 713 quartadecima
1172 632 1288 707 Lunae,
1325 640 1359 691 et

253 722 320 785 aliis
341 721 536 803 hujusmodi,
555 741 684 800 quorum
713 722 846 781 omnium
866 718 1041 780 methodum
1065 717 1270 799 prosequitur.
1319 716 1357 776 ln

254 811 341 890 cujus
355 814 562 887 argumentum
575 826 611 865 ac
625 806 853 866 elucidationem
865 805 950 865 binas
963 804 1106 885 proponit
1122 801 1258 877 tabulas,
1280 818 1359 878 quae

252 894 352 958 Rotas
374 904 480 970 vocat,
509 912 635 972 quarum
656 894 754 972 prima
783 891 917 952 continet
942 891 1061 970 cyclum
1081 886 1363 968 vigintiootouualis·

254 981 333 1042 Solis
349 979 382 1038 in
401 980 531 1060 seipsum
548 974 664 1058 semper
684 977 885 1045 recurrentis,
908 995 969 1055 quo
985 972 1167 1036 denotantur
1180 971 1293 1052 quovis
1305 986 1359 1030 sn·

254 1088 294 1128 no
319 1066 463 1146 Epactae:
493 1064 586 1123 altera
606 1063 752 1124 rationem
779 1061 952 1124 inveniendi
975 1061 1125 1121 Paschatis
1150 1056 1254 1138 legibs
1278 1061 1364 1116 contr

203 1182 206 1185 ·
253 1153 410 1233 plectitur.
452 1151 535 1209 Inter
550 1147 641 1225 haee,
664 1148 823 1210 methodos
837 1144 868 1207 ln
882 1156 952 1207 toto*
968 1147 1096 1207 subinde
1106 1162 1199 1224 opere
1216 1141 1362 1203 dumam

255 1257 287 1297 se
310 1236 453 1314 deinceps
472 1233 648 1314 pollicetur,
676 1243 767 1313 atque
790 1250 828 1294 ex
852 1233 958 1293 iisdem
985 1232 1078 1313 cyulis
1100 1240 1291 1291 ostensurum
1318 1245 1364 1302 se,

256 1320 437 1402 supradictis
457 1320 593 1382 omnlbua
622 1321 779 1401 patefactis
799 1339 836 1378 ac
856 1318 1031 1396 declaratis,
1062 1317 1173 1397 quibas
1195 1311 1366 1373 eorundum

257 1407 413 1486 cyclorum
434 1405 518 1464 annis
541 1406 673 1483 singulae
695 1404 868 1464 Dominieee
888 1404 1093 1479 Festivitates,
1115 1412 1169 1462 seu
1189 1395 1364 1463 tramissi

257 1490 373 1572 ἑορταὶ,
396 1490 587 1568 contigerint,
610 1490 720 1550 additis
737 1491 789 1569 qui
813 1491 952 1549 emundi
965 1489 1090 1549 conditu
1109 1486 1255 1546 effluxere
1269 1486 1367 1543 annis.

257 1578 334 1637 Tum
350 1582 512 1637 tractatum
534 1577 625 1635 alium
646 1575 748 1635 subdit
762 1574 800 1634 de
815 1575 902 1652 legali
916 1574 1062 1635 Praebete
1075 1582 1105 1633 et
1119 1572 1230 1648 Lunis,
1251 1569 1366 1648 quibus

169 1667 192 1720 V
207 1667 242 1725 ³5
258 1672 422 1742 utrumque
442 1660 556 1722 Pascha
577 1661 725 1723 celebrari
745 1660 859 1724 debeat.
904 1661 1023 1734 Quibus
1047 1658 1177 1733 enectis,
1205 1655 1367 1715 eonsilium

258 1768 347 1807 suum
366 1744 478 1828 aperit,
508 1747 546 1806 de
568 1747 726 1808 condenda
751 1764 897 1805 annorum
916 1746 954 1806 ab
978 1747 1197 1818 adamasset
1217 1762 1235 1799 a
1260 1737 1365 1807 mundi

259 1832 386 1894 exordio
403 1832 488 1892 brevi
501 1830 642 1908 historie,
666 1832 717 1911 qui
735 1832 903 1913 scripturae
920 1852 1022 1892 sacrae
1037 1838 1067 1890 et
1078 1830 1132 1890 SS.
1148 1826 1308 1904 Patribus,
1330 1842 1365 1883 ao

260 1919 319 1978 rite
334 1917 479 1978 hactenus
500 1918 658 1978 celebratis
678 1919 710 1976 in
728 1919 837 1976 Sancta
852 1918 906 1977 Del
927 1928 956 1977 st
971 1915 1127 1976 Catholicae
1143 1910 1276 1973 Ecclesia
1293 1926 1366 1970 oon-¹

260 2004 371 2063 cluent.
414 2003 460 2061 Ex
475 2002 583 2082 quibus
596 2010 679 2082 patet
699 2002 820 2063 omnino
836 2001 1007 2062 Chronicon
1028 2000 1110 2060 istud
1125 2019 1187 2058 non
1202 2017 1268 2059 eoas
1283 1992 1371 2055 aliud

262 2108 351 2167 quem
366 2082 554 2231 Eurydicen,
578 2087 664 2147 brevi
683 2085 785 2147 rerum
807 2097 958 2165 gestarum
980 2087 1019 2148 ad
1040 2096 1137 2146 annos
1149 2083 1283 2163 singulos
1297 2100 1366 2140 nar-

260 2174 376 2233 ratione
397 2192 432 2231 su
454 2172 524 2232 inde
548 2171 744 2249 adornatum,
773 2181 838 2232 tum
868 2193 905 2233 ne
926 2188 1052 2254 prorsus
1079 2170 1194 2231 nudum
1220 2167 1369 2248 prodiret,

261 2257 449 2336 tumetium,
471 2257 721 2338 quemadmodum
743 2258 910 2338 attigimus,
932 2267 971 2318 ut·
986 2260 1150 2340 perpetuat
1171 2255 1205 2313 in
1217 2251 1371 2313 Christis*

261 2363 317 2404 nae
338 2343 491 2422 religionis
514 2343 691 2423 antiquitate
713 2364 748 2404 ac
768 2344 991 2404 continuatione
1007 2345 1190 2424 scriptorum
1205 2346 1372 2399 consensus

262 2427 411 2508 ejusmodi
425 2427 627 2507 descriptione
641 2429 819 2489 firmaretur.
862 2429 960 2508 Hujus
975 2439 1074 2488 sutem
1089 2424 1283 2508 syntagmatis
1301 2430 1372 2484 caum

263 2514 410 2595 pleraque
431 2514 559 2572 fuissent
579 2530 597 2570 a
617 2514 738 2573 Petsvio
759 2512 838 2572 edita
858 2514 891 2573 in
906 2515 1088 2593 Uranologio
1109 2531 1148 2572 ex
1164 2509 1284 2570 schedis
1301 2510 1374 2569 ana

264 2597 354 2659 drete
378 2595 497 2657 Schotti
518 2600 630 2656 Romae
652 2607 737 2657 antea
764 2597 940 2679 descriptis,
971 2614 1049 2679 quae
1071 2618 1109 2659 ex
1134 2596 1171 2655 iis
1189 2596 1315 2657 deerant
1333 2612 1372 2655 ex

264 2682 409 2741 Vaticano
430 2683 536 2742 coelice
559 2682 648 2742 nobis
666 2681 802 2762 ,describi
830 2694 976 2746 curarunt
1001 2684 1060 2745 riri
1086 2683 1179 2743 iidem
1204 2678 1374 2762 supradicti

265 2767 391 2845 eruditi3
414 2787 513 2846 neque
534 2765 613 2827 haec'
630 2764 719 2827 niodo
726 2811 735 2844 ,
759 2767 811 2828 sed
834 2778 863 2829 et
882 2770 1000 2830 tabulas
1020 2770 1105 2830 binas
1123 2769 1213 2844 alies,
1234 2786 1289 2825 seu
1303 2768 1371 2825 Ro-

264 2860 328 2927 taa,
357 2872 435 2930 quae
456 2872 495 2912 ex
519 2852 623 2912 eodem
644 2853 703 2914 MS.
729 2853 833 2913 codice
853 2856 1025 2916 inserantur
1044 2874 1113 2935 pag.
1135 2859 1207 2919 197·
1233 2850 1374 2915 editioni!

143 2978 145 2981 ν
177 2941 250 3000 Ρ39
271 2936 396 3013 Regiae,
426 2946 456 2995 et
476 2957 546 3018 pag·
574 2942 646 3003 288.
675 2944 746 3018 post
764 2958 874 2998 annum
897 2940 1012 3001 scilicet
1032 2941 1165 3023 primum
1182 2935 1374 3017 Olympiadis

266 3040 407 3081 occurs.
431 3031 465 3080 ut
481 3031 511 3082 et
524 3021 639 3101 aliquot
658 3024 809 3084 venantes
831 3025 991 3103 lectiones,
1014 3025 1052 3086 de
1074 3020 1183 3105 quibus
1199 3034 1279 3083 ame
1294 3041 1374 3080 cond

265 3106 337 3164 sulti
353 3106 472 3166 luerent
480 3152 489 3184 ,
511 3126 579 3167 cum
597 3108 794 3168 Raderianam
811 3108 955 3187 integram
969 3111 1130 3171 editionem
1143 3126 1214 3169 cuna
1226 3109 1296 3188 ipso
1307 3107 1374 3168 Va-

268 3190 367 3249 ticano
388 3193 552 3273 exemplari
573 3194 708 3254 conferre
727 3194 847 3274 majoris
874 3197 979 3256 luisset
1001 3196 1054 3254 out
1075 3205 1105 3256 et
1124 3196 1246 3254 laboris.
1291 3191 1376 3253 Unde

266 3272 351 3335 hisee
383 3288 558 3355 contentus,
588 3278 660 3338 dum
689 3279 769 3339 ¹lorte
788 3280 864 3340 alius
884 3280 962 3342 hanc
988 3282 1047 3341 sibi
1066 3300 1187 3361 operam
1210 3287 1375 3360 proponat,

178 3438 182 3448 ι
267 3370 382 3420 caetere
408 3365 538 3441 quaein
561 3373 690 3443 utraque
712 3365 841 3425 editione
865 3367 991 3426 forsitan
1017 3375 1182 3428 occurrunt
1205 3361 1378 3446 corilum,

268 3464 306 3502 ex
319 3446 438 3523 ingenio
458 3468 511 3509 seu
532 3449 704 3530 conjectura
725 3449 767 3510 ita
788 3452 1027 3528 emendavimus,
1049 3461 1164 3512 utnon
1187 3451 1244 3510 uisi
1260 3450 1375 3510 monito

267 3529 352 3608 prius
365 3532 480 3593 lectore
492 3534 524 3594 id
544 3535 800 3615 praestiterimus,
823 3554 884 3617 quo
900 3537 1099 3600 divinanonss
1113 3547 1231 3598 nostras
1252 3536 1284 3596 in
1298 3552 1376 3596 era·-

268 3633 337 3674 men
353 3615 393 3676 ad
407 3618 565 3680 arbitrium
577 3621 652 3681 velit
666 3620 825 3684 adducere.

1078 3739 1087 3764 b

107 3778 146 3832 Da
162 3779 257 3863 latina
352 3785 443 3847 XLV.
487 3786 563 3846 Cum
586 3807 678 3867 porro
698 3787 803 3849 Latina
825 3789 937 3852 Rederi
953 3792 1070 3870 versio,
1102 3791 1163 3854 viri
1184 3787 1377 3870 caeteroquin

121 3865 248 3904 '⁰¹⁸¹0fl0·
270 3868 396 3947 eruditi,
418 3880 449 3930 et
465 3873 514 3931 cui
527 3873 631 3932 literae
650 3874 777 3933 multum
801 3874 923 3953 debent,
946 3878 1101 3957 quibusvis
1122 3876 1205 3937 haud
1218 3876 1376 3950 arrideret,
1442 3880 1446 3887 ’

268 3962 304 4012 ut
325 3955 378 4033 qui
398 3955 431 4014 in
450 3957 619 4038 plaerisque
645 3959 776 4019 auctoris
797 3964 934 4023 'mentem
955 3984 1016 4022 non
1038 3963 1192 4022 videretur
1213 3970 1376 4033 essecutus,

270 4037 355 4135 quod
368 4041 419 4099 alii
433 4051 499 4101 ante
514 4064 570 4103 nos
592 4055 787 4121 monuerunt,
810 4056 879 4106 tum,
892 4048 973 4127 quod
989 4044 1092 4109 Codex
1107 4066 1167 4128 quo
1183 4064 1258 4107 usus
1269 4046 1376 4121 luerat,

267 4124 407 4220 plumbus
428 4136 556 4188 scateret
574 4130 705 4207 mendis,
734 4152 789 4191 nec
808 4143 885 4192 esset
906 4134 1003 4214 probe
1026 4134 1173 4214 scriptus,
1201 4142 1266 4193 tum
1288 4133 1377 4192 etiarn

271 4228 342 4286 qma
356 4220 518 4271 extremam
532 4215 662 4275 versioni
676 4237 796 4276 manum
808 4234 977 4298 apponere,
1000 4230 1090 4299 atque
1106 4219 1181 4280 adeo
1195 4238 1260 4279 earn
1274 4236 1378 4279 recen·

271 4313 346 4375 sere,
367 4316 422 4377 per
436 4299 530 4359 otium
548 4320 608 4360 non
620 4301 762 4381 licuisset,
784 4303 871 4363 aliam
889 4313 1043 4386 utcunque
1055 4304 1279 4379 adornavimus,
1301 4322 1379 4384 quae
