2944 4896
255 333 327 405 132
493 328 676 397 SELEUPA
695 328 751 393 AD
771 327 1140 443 lpfflsmATIONEM

251 498 431 571 Επίσκοπος
448 500 505 559 τοῦ
517 499 578 559 νῦν
590 494 757 569 Βυζαντίου
772 492 907 574 κατέστη.
954 498 980 557 O
998 489 1057 577 γδρ
1072 490 1206 575 Ανδρέας
1227 488 1278 555 ἐπί
1300 486 1349 554 τόν

253 577 375 648 Πόντον
387 575 642 665 διαπερούμενος,
664 576 776 660 ήθελεν
791 586 856 655 τοῖς
870 580 903 643 έν
921 583 966 664 τρῖ
980 580 1134 665 Βυζαντίῳ
1148 573 1202 642 τόν
1222 571 1350 658 Χριστόν
1397 592 1402 602 “

251 672 449 772 παραγγεῖλαι.
491 660 570 729 Αλλ’
591 659 752 745 ἐπειδήπερ
774 659 945 740 Ζεύξιππος
969 660 1022 727 τδν
1046 658 1140 728 τόπον
1161 656 1226 726 τότε
1243 660 1350 744 ήγεμο-

252 776 353 817 νεαων
370 746 536 835 αίμοβόρος
554 773 598 824 τις
618 745 679 828 τόν,
700 748 817 824 πάντας
834 746 906 824 τούς
926 744 1171 831 προσβάλλοντας
1184 746 1292 824 ξένους
1310 749 1350 808 τῦ

140 852 164 906 P
180 847 233 910 4³2
253 839 405 923 Βυζαντίῳ
418 830 565 921 πρότερον
580 833 822 917 διερωτωμένους
834 831 871 897 τδ
891 834 961 917 περί
978 838 1035 897 τοῦ
1051 837 1200 916 Χριστοῦ,
1224 825 1285 894 εἶθ’
1301 807 1350 895 οῦ-

250 948 308 1000 τως
333 922 460 986 εἰσιέναι
480 914 648 1003 συνεχαόρει.
693 919 756 982 Καὶ
779 914 834 983 ἐόν
861 944 906 993 τις
926 913 1118 1002 οδμολόγησεν
1137 914 1191 982 τόν
1212 912 1349 1000 Χριστόν,

251 1011 295 1085 είς
315 1007 410 1089 δέσμα
430 1012 539 1069 τοῦτον
555 999 653 1081 εύθῦς
672 1002 724 1068 καί
739 998 809 1086 παρ’
830 999 907 1068 αύτιῖ
927 1004 1149 1086 δεσμενθέντας
1167 999 1241 1076 τοῦς
1253 996 1350 1076 πόδας

249 1094 349 1157 τεκαὶ
366 1099 466 1174 χεῖρας
481 1082 712 1154 θαλαττοῦσθαι
733 1088 941 1171 προσέτασσεν.
983 1086 1046 1152 Διό
1062 1086 1119 1172 τήν
1134 1082 1280 1167 τοιαύτην
1295 1080 1350 1150 οῦν

250 1174 392 1261 ω’μότητα
412 1171 625 1259 παραπλεύσας
645 1173 662 1240 ό
682 1173 820 1255 Ανδρέας
840 1173 874 1240 τδ
889 1172 1073 1252 Βυζάντιον,
1103 1168 1282 1259 κατῴκησεν
1302 1171 1350 1236 έπὶ

249 1263 334 1344 διέτη
354 1257 466 1346 χρόνον
481 1263 610 1343 πλησίον
626 1264 685 1324 τοῦ
698 1262 865 1334 Βυζαντίου
882 1265 924 1345 τῳ
942 1255 1079 1346 Θρακύῳ
1100 1260 1198 1341 μέρει,
1222 1258 1267 1332 οῖς
1290 1252 1350 1321 ιῖκό

250 1351 375 1413 σταδίου
387 1344 455 1422 ἑνός
468 1352 523 1428 τῆς
531 1342 783 1430 Αργυροπόλεως,
797 1345 862 1409 ἐκεῖ
871 1342 1101 1428 έπισυναγωγήν
1113 1349 1176 1408 τοῖν
1194 1342 1350 1424 ένθέσμων

252 1433 306 1497 καί
321 1429 503 1513 φιλαλήθων
518 1427 640 1515 όνδροῖν
652 1427 844 1510 ποιούμενος.
887 1434 936 1505 Ως
949 1422 1006 1493 ούν
1022 1430 1091 1514 περί
1102 1427 1174 1504 τούς
1189 1431 1350 1510 δισχιλίους

252 1513 455 1595 έπισυνόξας,
475 1521 519 1604 τῷ
533 1520 655 1601 Χριστῷ
668 1514 887 1599 θυσιαστήριον
901 1511 1029 1597 έδρόσας
1039 1516 1072 1580 έν
1089 1520 1128 1600 τή
1135 1511 1349 1597 Αργνροπόλει,

249 1603 304 1668 ’καὶ
313 1600 369 1667 τόν
384 1599 504 1684 Σταχῦν
518 1603 697 1665 Επίσκοπον
707 1596 912 1684 καταστήσας,
935 1601 978 1676 είς
989 1596 1137 1707 Σινώπην
1157 1604 1214 1664 τοῦ
1227 1594 1349 1663 Πόντον

252 1691 439 1769 μεθίσταται.
486 1692 548 1751 Τοῦ
562 1684 599 1750 δὲ
609 1682 744 1768 Σιαχύος
761 1686 976 1770 διαγενομένου
989 1693 1055 1760 τοῖς
1076 1691 1173 1749 αυτοῦ
1191 1687 1225 1761 δξ
1239 1685 1293 1748 καί
1307 1683 1348 1748 δέ·

252 1798 346 1840 κατον
361 1773 426 1849 ἔτος
441 1774 474 1838 έν
487 1775 529 1860 τῇ
543 1776 721 1860 Επισκοπή,
747 1769 900 1855 Ονήσιμος
918 1767 991 1853 μετοῖ
1006 1776 1114 1836 τοῦτον
1130 1772 1260 1853 γίνεται,
1281 1768 1349 1854 περὶ

251 1852 291 1924 οῦ
316 1864 440 1933 Παῦλος
459 1857 476 1923 ό
495 1852 675 1933 Απόστολος1
694 1861 738 1944 τῷ
754 1853 905 1940 Φιλήμονι
925 1857 1065 1940 ἔγραψεν.
1108 1856 1172 1919 Καί
1189 1851 1300 1920 τούτου
1318 1852 1349 1919 δέ

249 1943 567 2027 τεσσαρεσκαιδέκατον
588 1942 652 2017 έτος
666 1937 865 2018 διανύσαντες
879 1943 912 2006 έν
932 1967 968 2027 τη
984 1943 1167 2029 λειτουργίᾳ,
1193 1935 1348 2024 Πολύκαρ·

145 2033 234 2095 vw
250 2053 308 2104 τιος
328 2027 401 2111 μετοῖ
417 2024 526 2091 τούτου
546 2029 615 2111 τρία
636 2028 687 2131 έτεγ
702 2029 880 2102 Επῖσκοπος
902 2032 958 2090 τοῦ
976 2030 1141 2101 Βυζαντίου
1160 2027 1349 2090 καθίσταται

250 2113 475 2197 Διαγενομένου
497 2110 532 2177 δέ
552 2113 604 2174 καὶ
623 2136 735 2175 τουτου
759 2112 832 2176 δέκα
846 2108 925 2196 πρός
940 2119 1005 2187 τοῖς
1017 2108 1096 2176 όκτοδ
1114 2113 1225 2189 ἔτεσιν,
1243 2107 1349 2175 ’Πλού-

250 2223 359 2283 ταρχος
373 2198 541 2282 μετέρχεται
554 2195 611 2279 τήν
625 2193 802 2281 ἱερωσύνην.
846 2197 908 2261 Καί
920 2192 1016 2261 αύτοῦ
1030 2196 1064 2262 δὲ
1081 2193 1283 2272 διανύσαντος
1298 2192 1349 2273 ις’,

250 2286 403 2351 Σεδεκίαν
419 2279 559 2365 διάδοχος
574 2277 670 2347 αῦτοῦ
686 2285 866 2348 καθίσταται
886 2283 937 2348 ἐπί
956 2284 1083 2365 ένναετή
1102 2279 1222 2365 χρόνον.
1267 2275 1353 2346 Μεθ’

248 2366 290 2434 δν
303 2370 451 2453 Διογένης
463 2368 496 2433 έν
511 2368 568 2433 έτει
590 2363 624 2432 ιε’
643 2373 685 2455 τή
703 2370 833 2455 ίερατείῳ
845 2371 1030 2452 προσμείνας
1043 2374 1217 2433 τελειοῦται.
1262 2364 1350 2432 Meto?

251 2452 286 2519 δὲ
305 2461 415 2520 τοῦτον
432 2453 618 2536 Ελευθέριος
637 2454 687 2517 έπλ
705 2453 833 2536 έπταετή
852 2449 969 2536 χρόνον.
1015 2449 1108 2517 Μεθ’
1129 2450 1169 2519 δν
1192 2456 1281 2530 Φίλιξ
1302 2451 1349 2518 έπλ

250 2537 389 2621 πέμπτου
403 2540 496 2614 ίτους.
528 2536 592 2601 Καί
604 2535 677 2620 μεταλ
691 2543 799 2603 τοῦτον
814 2535 1016 2623 Πολύκαρττος
1031 2538 1088 2614 ἕως
1102 2539 1179 2604 ἐτοῖν
1191 2535 1234 2615 ιζ.
1259 2545 1349 2602 Ενθα

249 2628 357 2689 τοίνυν
378 2622 415 2687 τοί
434 2619 551 2688 τούτων
566 2623 689 2704 σοῖματα
707 2617 841 2705 α’πετέθη
857 2626 968 2708 λιθίνῳ
985 2629 1069 2710 σηκῷ
1081 2625 1160 2690 ἐκεῖ·
1182 2625 1235 2689 καῖ
1251 2620 1285 2688 τό
1297 2628 1349 2705 τής

252 2711 406 2785 Ναταλίας
425 2713 514 2791 σοῖμα
534 2702 668 2789 ῦπετέθη
688 2708 741 2771 καὶ
759 2710 921 2792 Αδριανοῦ
944 2714 1001 2774 τοῦ
1022 2710 1178 2790 μετέπειτα
1192 2705 1348 2793 ’μαρτυρή-

251 2815 368 2871 σαντος.
411 2800 459 2857 Εν
475 2791 509 2858 δέ
523 2798 566 2879 τῷ
583 2792 672 2879 έτέρῳ
692 2788 820 2875 λόρνακι
838 2795 871 2871 ἐξ
890 2788 1012 2869 εόθείας
1026 2789 1090 2859 τότε
1110 2795 1274 2876 ποιηθέντι
1289 2799 1348 2858 τοῖν

250 2876 287 2963 ιγ’
306 2875 482 2987 Μαρτύρων
498 2874 536 2940 τοί
561 2879 694 2957 λείψανα
709 2875 869 2961 ἐνεβλήθη.
912 2885 962 2942 Εν
982 2878 1016 2943 δέ
1034 2883 1201 2965 μολυβδίνη
1222 2876 1347 2965 λῦρνακι

249 2959 323 3027 καθ’
346 2964 453 3027 έαυτον
473 2956 606 3043 α’πετέθη
628 2960 810 3045 δΑδριανδς
832 2964 1017 3041 όΝαταλίας
1030 2960 1127 3048 όνήρ,
1152 2963 1245 3030 δίκαλ
1266 2965 1347 3048 μέχρι

249 3052 306 3130 τῆς
327 3050 418 3131 δεῦρο
435 3047 581 3129 ἐμφανοῦς
605 3043 776 3130 πρόκεινται
796 3051 828 3114 έν
850 3056 894 3137 τρῖ
916 3049 1055 3137 ύπογαίῳ
1079 3053 1239 3136 σπηλαίῳ,
1271 3052 1347 3117 ίνθα

250 3127 428 3207 Απόστσλος
440 3131 578 3215 Ανδρέας
594 3129 628 3196 τό
641 3129 862 3216 θυσιαστήριον
877 3133 1018 3219 ήδρασεν.
1063 3138 1133 3218 Ηδη
1156 3135 1190 3200 δὲ
1205 3133 1347 3218 πλήθους

250 3218 360 3281 ἱκανοῦ
374 3217 655 3299 συναθροισθέντες
668 3224 729 3282 τοῖν
744 3221 787 3295 εἰς
801 3219 932 3304 Χριστόν
947 3217 1131 3304 ήλπικότῳν,
1153 3222 1348 3305 παυσαμένης

250 3300 284 3367 δὲ
305 3302 357 3367 καί
369 3304 550 3387 τυραννίδος
565 3307 622 3368 τοῦ
632 3308 799 3380 Βυζαντίου
818 3304 891 3388 μειοῖ
912 3303 968 3389 τήν
989 3312 1047 3373 τοῦ
1060 3310 1234 3384 Ζευξίππον
1252 3314 1348 3372 τελευ-

247 3383 322 3469 τήν,
336 3389 487 3472 ἐγκρατεῖς
497 3412 528 3453 τε
540 3383 640 3453 τόπων
654 3385 802 3455 πλειόνων
816 3387 971 3475 γενόμενοι
986 3395 1019 3456 οί
1031 3398 1086 3474 τῆς
1099 3393 1133 3456 έν
1140 3388 1348 3477 Αργυροπόίρεί

223 3520 226 3526 .
250 3476 422 3554 Εκκλησίας
436 3479 620 3556 προεσταῖτες
630 3473 687 3557 τήν
698 3481 761 3540 τοῖν
776 3483 897 3541 πολλαῖν
916 3476 1054 3560 όχλησιν,
1076 3478 1129 3542 καί
1141 3477 1199 3555 τήν
1213 3484 1275 3543 τοῖν
1289 3484 1346 3543 El.-

249 3553 353 3640 λήνων
366 3559 419 3622 καί
437 3561 581 3642 Εβραίων
594 3559 769 3645 προσβολήν
790 3563 933 3645 ἐκφυγεῖν
950 3558 1151 3645 βουλόμενοι,
1167 3565 1200 3628 ἐν
1213 3571 1278 3639 τοῖς
1299 3587 1346 3646 με-

249 3643 385 3726 σογαίοις
398 3647 527 3725 πλησίον
543 3650 598 3727 τῆς
611 3642 843 3731 Αργυροπόλεος
864 3651 1040 3730 Εκκλησίαν
1058 3645 1153 3731 όῖλλην
1174 3645 1345 3734 α’νεγείρου-

244 3739 315 3807 ’σιν,
337 3724 379 3811 ἢν
395 3731 654 3805 Κωνσταντῖνοςδ
674 3732 765 3816 μέγας
776 3731 923 3808 Βασιλεύς
940 3733 1095 3814 μετέπειτα
1110 3735 1283 3819 μειζοτέραν
1293 3757 1345 3799 πε·

247 3814 394 3919 πρίηκεν,
423 3818 603 3899 σταυροειδή
621 3809 718 3898 αύτήυ
738 3814 999 3901 διαγραψοῖμενσς,
1031 3815 1212 3902 βουλόμενος
1235 3820 1290 3884 καί
1311 3816 1345 3885 τό

244 3902 342 3961 αυτοῦ
363 3903 451 3981 σοῖμα
474 3901 569 3965 ἐκεῖσε
596 3907 830 3984 κατατεθῆναιμ
860 3899 940 3971 Λλλ’
963 3903 1067 3991 ἐπειδή
1092 3904 1199 3979 λοιπόν
1215 3902 1267 3969 ,ιδ
1289 3909 1345 3973 τοῦ

248 3985 414 4058 Βυζαντίου
431 3979 571 4068 ηόξήθη,
594 3982 835 4069 συνεβούλευσαν
855 3990 888 4053 οί
907 3984 1047 4066 συνόντες
1066 3996 1110 4077 τηῖ
1124 3992 1343 4077 Κωνσταντίνῳ

247 4064 292 4149 μή
306 4070 371 4135 δεῖν
389 4068 504 4145 ἔξωθεν
522 4077 577 4145 τ”ς
594 4067 708 4148 πόλεως
729 4071 766 4138 τό
782 4078 843 4138 τῦν
864 4074 1016 4140 Βασιλέων
1031 4072 1153 4158 σαίματα
1169 4071 1343 4159 οῖιιοκομίζει

211 4236 212 4239 ,
248 4159 336 4215 σθαιι
379 4149 495 4217 Τούτου
516 4180 574 4219 ουν
591 4151 681 4239 χάριν
701 4158 800 4244 ἕτερος
817 4157 873 4243 ’μὲν
894 4155 988 4236 τόπος
1007 4163 1050 4237 είς
1065 4159 1167 4243 ταφήν
1179 4167 1341 4227 τοῖνΒαστι

140 4240 164 4295 P
179 4238 233 4299 ⁴³³
248 4236 326 4301 δίων
349 4235 472 4319 37me
520 4244 546 4302 0
562 4237 596 4303 δὲ
610 4240 740 4325 γεγονός
761 4242 845 4322 οῖκος
865 4240 1054 4331 ύμφιεροῖθη
1066 4255 1129 4322 τοῖς
1152 4248 1186 4313 έν
1201 4253 1248 4334 τῳ”
1257 4243 1341 4332 νόμῳ

244 4328 431 4405 καρτερικοῖς
444 4322 495 4387 καί
509 4319 680 4407 θεόφροσιν
692 4326 766 4394 διττοὶ
782 4332 895 4397 Παισλν
906 4333 959 4399 καί
968 4328 1130 4419 Ελεαζόρῳ
1139 4336 1185 4419 τηῖ
1194 4338 1339 4418 Αρχιερεῖ,
