2944 4896
385 345 584 415 crucum
604 344 856 414 emunim
938 360 941 377 ·
1010 430 1013 439 ,
1095 345 1167 421 105

66 541 71 550 ·
147 517 183 576 ln
203 516 310 576 libror
336 525 434 575 autem
458 516 594 594 regnavit
621 514 708 574 annis
728 530 782 577 vn.
806 513 959 574 mensibus
983 533 1055 591 sex,
1087 527 1116 577 et
1135 518 1167 577 in

64 603 229 662 Jerusalem
242 602 329 661 anuis
341 621 458 661 xxxm.
501 603 563 661 Sub
577 601 637 660 boc
651 600 798 659 Sacerdos
812 599 979 676 Abiatham‘
994 596 1075 661 lilius
1090 601 1168 663 Abi-

65 689 174 760 mclec‚
198 706 365 765 exgenere
382 687 466 763 Heli,
490 697 519 747 et
536 688 646 747 exalia
664 685 760 764 patria
776 685 902 745 Saddoc.

147 772 378 855 Prophelabant
405 781 503 832 autem
539 772 726 853 temporibus
756 772 852 831 llavid
874 770 954 841 Gat,
988 781 1018 831 at
1038 771 1166 834 Nathan.

65 858 134 930 Erat
154 864 258 917 aulem
282 858 341 938 ipsi
363 858 460 917 David
473 858 648 934 bulanu,
669 857 750 916 filius
770 858 910 934 Sarriae,
932 857 1045 917 sororis
1060 858 1166 924 David.

65 943 120 1003 llic
142 943 349 1009 dinumeravit
369 945 534 1024 populum,
563 953 595 1004 et
618 941 683 1003 erat
702 962 863 1018 numerus,
894 961 970 1021 quos
998 945 1168 1005 numeravit

66 1027 191 1088 filiorum
211 1030 436 1089 lsrael'millies
461 1032 572 1090 centies
593 1029 725 1089 milleni:
746 1028 800 1087 filii
819 1038 918 1089 autem
934 1028 1010 1087 Ju'da
1024 1029 1168 1108 quadrin-

68 1115 175 1192 genties
192 1108 308 1197 septies'
322 1114 445 1175 milleni:
490 1116 562 1174 Lavi
577 1125 674 1175 autem
693 1124 723 1174 et
736 1114 892 1195 Bonjamiu
912 1135 973 1174 non
988 1114 1167 1175 dinumera-

65 1200 115 1259 vit
157 1201 312 1260 Numerus
329 1210 427 1259 autem
440 1202 610 1280 eorumqui
626 1200 801 1263 ceciderunt
821 1200 982 1275 oximel,
1004 1216 1080 1261 cxx.
1098 1238 1100 1247 ‚
1148 1222 1151 1231 ·

146 1287 220 1346 Post
238 1285 337 1345 David
356 1297 473 1360 autem,
494 1297 601 1365 regnat
620 1287 760 1346 Salomon
780 1285 861 1345 lilius
882 1285 946 1365 ejus
970 1287 1054 1346 anuis
1070 1304 1122 1344 ιι.
1137 1297 1168 1346 et

68 1372 119 1429 sub
141 1372 207 1452 ipso
230 1370 335 1431 adhuc
350 1370 468 1435 Nathan
484 1371 665 1453 prophetat,
688 1381 717 1432 et
730 1371 839 1434 Achias
855 1391 894 1432 ox
908 1373 1018 1449 Salon,
1041 1381 1071 1433 st
1089 1372 1168 1433 luter
1257 1362 1261 1373 ¹

70 1477 116 1516 eos
131 1456 281 1516 Sacerdos
302 1458 433 1518 Soddoc.
1098 1478 1111 1507 '-

70 1564 73 1573 ¹
116 1556 118 1565 ·
149 1545 217 1602 Post
233 1543 441 1614 Salomonem,
463 1551 570 1620 regnat
582 1543 717 1603 Roboam
732 1540 813 1604 filius
828 1544 894 1624 ojus
908 1546 1001 1604 danos
1014 1564 1079 1605 xrs.
1102 1544 1166 1604 sab

69 1624 124 1685 boc
138 1628 271 1688 divisum
286 1629 330 1687 est
344 1649 487 1707 regnum,
510 1638 539 1687 et
555 1629 694 1706 regnavit
717 1629 747 1688 in
772 1631 903 1689 Saramia
916 1628 1079 1689 'Jer'obo‘ads
1098 1650 1167 1693 ser.-

33 1700 42 1717 ’
70 1731 122 1770 vus
135 1713 321 1786 Salo'aaonis,
344 1714 383 1775 da
399 1713 481 1774 tribu
493 1713 612 1774 Effrem.
658 1710 820 1795 Prophetat
834 1725 949 1794 autem,
972 1714 1069 1775 'etsuli
1080 1716 1166 1776 laro-

29 1836 30 1839 =
70 1796 151 1857 boam
169 1798 728 1876 lichiasSelonitss,ctSameasfilius
744 1799 866 1863 Aelami.
932 1840 938 1851 ·
1058 1820 1064 1850 1
1136 1798 1142 1821 ¹

148 1885 218 1944 Post
233 1886 387 1961 boboam,
408 1894 516 1962 regnat
536 1882 623 1944 dbias
637 1884 718 1945 lilius
734 1885 803 1966 ejus
813 1886 898 1946 annis
912 1906 988 1947 xvir.
1029 1908 1032 1915 ’

101 2012 103 2019 ·
149 1971 219 2051 Post
231 1973 358 2046 abiam,
381 1980 485 2050 regnat
499 1970 577 2047 Assa
593 1969 671 2030 filius
685 1970 750 2050 ejus
765 1973 849 2031 annis
861 1992 926 2033 xci.
963 1970 1068 2032 Hicin
1086 1972 1166 2031 teni-

73 2070 139 2131 pore
153 2060 316 2117 senectutis
331 2057 422 2137 pedes
436 2057 542 2119 doluit.
572 2057 775 2135 Prophetabat
794 2068 894 2118 autem
916 2060 971 2118 sub
986 2078 1023 2137 eo
1035 2054 1165 2118 haurias.

39 2154 51 2169 ·
80 2210 84 2215 ,
152 2142 220 2201 Post
233 2143 334 2218 Asab,
357 2152 465 2221 regnat
478 2141 559 2201 lilius
574 2143 638 2222 ojus
652 2142 797 2222 Josaphat
812 2146 897 2204 annis
912 2164 986 2208 xxv.
1026 2144 1166 2205 Sulihoc

73 2223 228 2303 prophetat
249 2229 372 2303 Helias,
402 2232 433 2287 et
452 2226 584 2286 Micheas
607 2227 686 2286 filius
717 2228 866 2303 Jemblas,
898 2240 927 2289 et
949 2226 1167 2290 Abdiia'sdlllus

75 2310 207 2372 Ananias.
224 2370 233 2387 ‚
248 2315 313 2393 Sub
328 2312 445 2379 Michsa
460 2321 561 2372 sutem
575 2319 638 2373 erat
654 2312 921 2394 Pseudoprophetas
936 2315 1166 2376 Sedaciaslilios

74 2394 220 2459 Gananaei.
299 2430 302 2437 ,
616 2395 641 2445 ἦ
670 2418 673 2427 ¹
1058 2432 1062 2441 ·

151 2480 217 2543 Post
227 2485 391 2566 Josaphat,
411 2495 517 2565 regnat
529 2484 611 2547 filius
627 2488 693 2569 ejus
704 2487 804 2559 loram
817 2485 903 2548 annis
913 2494 975 2550 xrrl
985 2496 1017 2548 et
1029 2487 1085 2547 sub
1100 2491 1168 2568 ipso

77 2566 228 2645 prophetat
241 2573 362 2646 Helias,
386 2582 415 2633 et
435 2572 601 2652 posthunc
623 2572 787 2653 prophetat
801 2574 937 2633 Heliseus
956 2575 1013 2634 sub
1034 2574 1169 2634 lilio-lo-
1242 2611 1247 2617 -

77 2668 134 2709 ram
145 2653 290 2735 Ochozia,
306 2659 370 2718 sub
385 2679 446 2738 quo
461 2652 595 2739 populus'
611 2662 642 2718 in
657 2661 787 2718 Samaria
806 2659 886 2720 lilios
898 2678 985 2734 suos,
1009 2670 1038 2720 et
1047 2656 1166 2720 ‘stercus
1183 2665 1210 2719 V
1222 2665 1275 2722 335

79 2736 266 2803 columbinum
281 2745 499 2818 manducabat,
524 2734 667 2823 ieghsnte
680 2745 710 2803 in
725 2747 857 2806 Samaria
870 2747 979 2805 loram.
1008 2768 1012 2777 ¹

153 2825 220 2886 Post
239 2830 341 2892 loram
360 2832 497 2908 regnavit
518 2830 599 2890 filius
615 2818 680 2912 ejus
696 2830 854 2893 Ochoalass
867 2852 945 2892 suno
967 2850 1041 2891 unos
1064 2839 1094 2891 et
1110 2831 1166 2890 sub
1183 2839 1206 2894 P
1223 2837 1277 2897 418

77 2901 129 2965 hoc
139 2911 298 2991 prophetat
312 2914 426 2976 Gothol
441 2926 471 2976 et
485 2916 636 2978 Labdone.
675 2920 678 2927 “
752 2920 755 2924 ⁴
1008 2928 1033 2939 ”

154 2997 220 3056 Post
239 3001 338 3064 hunc.
362 3010 466 3076 regnat
487 3001 649 3077 Gotholia‚
678 3012 774 3062 mater
793 2992 966 3079 Ocho'ziaa,
995 3003 1080 3062 annis
1099 2998 1167 3062 rm.
1223 3000 1229 3011 ‘

80 3073 155 3145 Quas
164 3100 310 3164 exurgens
328 3088 439 3146 occidit
456 3098 540 3147 natos
554 3088 610 3147 lilii
625 3088 673 3146 sui
684 3103 698 3148 a·
714 3088 778 3148 erat
793 3088 925 3148 cnim‘dc
939 3083 1047 3166 genere
1063 3086 1166 3166 Ac'hsb

79 3158 159 3238 Regis
172 3167 276 3231 Israel:
299 3193 386 3231 soror
405 3183 502 3232 autem
518 3168 688 3249 choziasj
708 3170 828 3234 nomine
844 3174 1011 3249 Zosabaae,
1031 3170 1102 3232 cum
1116 3167 1167 3239 es-

80 3254 119 3302 set
137 3249 249 3319 loiadae
268 3260 442 3318 Sacerdotis
464 3274 562 3334 uxor,‘
586 3259 688 3333 furata
709 3271 754 3319 ast
780 3260 864 3335 Joas,
885 3259 980 3318 lilium
1006 3254 1167 3331 Ochohia'e,

81 3330 124 3387 cui
137 3333 234 3398 loiada
246 3345 393 3404 Sacerdos
407 3343 556 3425 imposuit
568 3346 775 3423 regimonium.
793 3362 796 3367 ⁴
816 3340 1168 3424 Prophetat²autem¹sub

83 3413 348 3490 Gotholialtliseus.
637 3454 643 3470 ¹
761 3438 763 3443 ’
912 3428 915 3435 ’
1013 3446 1015 3451 ’
1096 3446 1099 3452 “
1190 3482 1193 3490 «

125 3585 132 3599 ⁴
155 3506 223 3570 Post
234 3512 328 3591 hanc,
351 3525 456 3591 regnat
470 3515 537 3575 loss
552 3513 631 3575 lilius
645 3512 797 3575 Ochoziae
812 3512 898 3574 anuis
908 3532 961 3575 xu-
995 3512 1166 3574 Hicinter-

83 3581 146 3645 lecit
161 3593 329 3659 Zachariam
346 3600 440 3661 lilium
453 3599 574 3667 Jotadas
587 3601 771 3662 Sacerdotis.
987 3615 991 3623 ’
1132 3596 1136 3609 '

156 3676 223 3740 Post
236 3685 315 3761 Joas,
338 3687 475 3763 regnavit
491 3688 571 3748 filius
586 3678 650 3768 ejus
663 3687 796 3748 timasius
811 3684 895 3747 annis
908 3684 978 3747 vin.
1003 3718 1006 3727 ·
1022 3692 1027 3706 “
1094 3702 1144 3749 ³².

153 3762 405 3848 Postumiam,
429 3783 534 3850 regnat
555 3773 635 3834 filius
655 3773 719 3854 ejus
734 3773 825 3832 Ozias
843 3768 1009 3833 annisum
1041 3766 1103 3832 Hic'
1117 3772 1165 3832 le-

83 3852 179 3912 Pf⁰⁸us
198 3853 256 3913 luit
269 3872 424 3937 usquequo
440 3869 616 3922 moreretur.
640 3852 817 3919 ‘iudicabat
836 3869 937 3920 autem
957 3859 1013 3919 sub
1037 3879 1071 3919 eo
1092 3857 1166 3915 loa-

83 3917 157 4016 sslflm
171 3932 246 3997 lilius
262 3944 337 4022 ejus.
379 3944 603 4027 Prophetabant
618 3945 674 4004 sub
692 3946 765 4005 Oziu
783 3946 893 4021 Amos,
916 3954 945 4004 et
967 3944 1069 4005 Esaias
1086 3936 1166 4002 filius

83 4022 156 4090 θΝΒ,
177 4028 205 4078 et
217 4025 309 4086 Oscae
321 4027 404 4101 filius
418 4030 544 4101 Beberi,
568 4040 598 4091 et
610 4030 698 4090 Jonas
711 4030 793 4090 filius
808 4029 929 4090 Amathi
946 4050 983 4090 ex
1000 4030 1101 4089 Gofer.

157 4100 225 4167 Post
237 4111 357 4186 Gaiam,
378 4126 483 4193 regnat
494 4117 575 4175 filius
589 4116 653 4196 ejus
666 4115 813 4176 Joatham
822 4117 907 4177 aunis
919 4136 986 4176 xvr.
1028 4115 1091 4173 Sub
1104 4112 1165 4172 hoc

84 4172 238 4259 P¹⁰Phetae
253 4198 369 4276 Esaias,
387 4201 480 4278 Osee,
492 4202 630 4263 Micheas
639 4198 817 4277 Mo'rathita,
834 4211 864 4260 et
879 4200 1036 4261 Joel'filius
1049 4194 1164 4285 Bitriel.

161 4270 226 4336 Post
239 4279 387 4362 lorasham,
411 4297 515 4366 regnat
528 4288 608 4348 filius
623 4288 687 4369 ejus
702 4287 804 4347 Achas
822 4287 907 4346 annis
917 4302 972 4345 xvc
993 4294 1023 4345 ct
1034 4285 1093 4344 sub
1105 4284 1164 4343 hoc

84 4339 469 4455 Pmlhetaeussisssone
484 4383 512 4435 et
526 4372 670 4436 Micheas:
692 4374 951 4438 Sacerdos'autsnl
965 4370 1058 4429 Urias
1100 4369 1163 4429 Sub
1225 4438 1226 4443 η
