2944 4896
469 345 669 415 CHRONICI
691 345 918 415 Psscfflus.
1173 347 1245 422 117

136 509 282 589 sepulcro
311 510 485 573 resurrexit.
510 482 512 486 λ
535 509 630 571 Nobis
665 508 797 591 proinde
824 512 999 575 omnimodo
1036 510 1075 573 sit
1101 511 1153 574 hic
1178 514 1243 578 dies

135 593 208 654 anni
229 593 437 675 principium,
460 604 558 676 prout
575 606 619 657 est
639 597 671 655 in
692 607 793 656 sancta
815 598 869 658 Dei
884 599 1034 675 Ecclesia,
1054 597 1142 679 juxta
1155 622 1243 680 quem

134 689 241 740 sancto
263 680 410 742 Paschate
431 691 609 742 ocsus-rente
629 682 662 740 in
685 681 765 742 diem
785 683 970 745 dominicum
986 692 1057 766 post
1071 703 1137 748 xrv.
1150 687 1244 750 lunae

131 765 221 824 istius
251 765 383 843 mensis,
418 788 479 827 non
511 767 635 828 ludaico
663 768 716 829 sed
746 768 921 848 Apostolice
955 769 1033 832 illud
1065 790 1243 851 peragamus

130 845 220 934 juxta
242 851 413 912 naturalem
440 851 588 933 nobisque
615 852 754 914 traditam
776 853 985 937 methodum„
1006 855 1165 936 Quotquot
1184 858 1245 937 igi-

132 945 184 996 tur
221 956 288 995 non
317 936 424 998 dicunt
460 938 592 1001 extitisse
626 938 758 1018 primum
792 941 981 1002 Dominioum
1018 939 1133 1001 Pascha
1164 963 1242 1004 anno

131 1040 162 1082 v.
179 1041 342 1082 numm.
369 1023 419 1083 vel
447 1022 529 1103 apud
557 1023 709 1086 liebraaos
730 1045 797 1086 xrv.
826 1027 941 1103 lunae,
975 1037 1007 1089 et
1027 1046 1120 1088 xxm.
1140 1026 1242 1090 Martii

130 1106 244 1166 usensis
267 1127 375 1186 magna
397 1107 539 1169 salutaris
563 1109 713 1170 Passionis
734 1111 918 1191 Parascere,
947 1133 982 1173 ao
1004 1108 1241 1175 Resurrectiouis

130 1192 320 1252 Dominicam
342 1212 408 1255 xrv.
430 1194 533 1255 Martii
552 1195 662 1254 mensis
693 1195 741 1257 die
771 1206 836 1260 tum
862 1218 925 1259 non
953 1198 1141 1279 occurrisse,
1171 1219 1239 1259 cum

129 1275 162 1336 id
190 1277 318 1337 minime
345 1278 551 1341 demonstrare
579 1281 710 1361 possint,
748 1282 815 1343 salsi
846 1283 986 1365 protinus
1015 1283 1240 1347 convincuntur
1291 1342 1296 1353 ,
1407 1316 1412 1325 ·

131 1382 238 1423 eorum
256 1364 377 1425 calculi.

575 1594 781 1604 m

643 1785 706 1871 Vl

127 1938 201 2013 EX
235 1938 527 2028 HESYGHII
558 1930 828 2014 HOMILIA
852 1924 912 2016 IN
946 1940 1236 2041 NATALEM

1 2081 2 2086 ’
81 2070 89 2091 “
531 2058 834 2135 CHRISTI„
999 2052 1004 2065 ”

210 2214 301 2273 Anno
321 2232 398 2273 mr.
416 2212 535 2295 imperii
557 2212 710 2289 Augusti,
741 2232 842 2272 meuse
868 2210 1052 2290 Decembri,
1087 2211 1137 2275 alie
1157 2232 1232 2277 xxv.

125 2298 199 2358 feria
220 2318 267 2360 rr.
288 2297 364 2358 hora
385 2317 441 2358 vn.
463 2294 547 2373 diei,
575 2296 748 2357 incarnatus
778 2305 824 2356 est
852 2295 997 2357 Dominus
1024 2305 1129 2358 noster
1149 2300 1232 2361 lesus

125 2381 263 2444 Christus
286 2405 326 2445 ex
347 2391 450 2444 sancta
470 2381 594 2461 Virgine
614 2373 725 2456 Maria,
756 2393 860 2458 anuo,
898 2381 988 2462 juxta
1016 2380 1232 2460 Antiochenos,

67 2466 70 2473 “
124 2468 279 2529 amando
307 2468 431 2530 condito
452 2487 549 2548 usque
578 2466 616 2527 ad
643 2465 754 2527 Christi
774 2466 964 2527 Nativitatem
988 2464 1031 2545 [et
1053 2467 1230 2529 crucifixio·
1352 2526 1354 2531 ,
1397 2482 1400 2491 ·

125 2554 321 2636 nem]v1.ar.
381 2552 572 2633 colliguntur
599 2553 678 2614 enim
716 2554 754 2613 ab
783 2554 904 2615 Adamo.
926 2571 1023 2633 usque
1053 2552 1093 2612 acl
1119 2553 1230 2615 Phalec

124 2637 219 2700 lilium
241 2640 322 2703 Eber
342 2639 414 2700 anni
432 2660 480 2701 ιιι.
495 2659 532 2702 ar.
557 2646 588 2698 et
607 2659 624 2698 a
640 2637 750 2698 Phalec
772 2658 868 2719 usque
889 2638 928 2699 ad
942 2658 1018 2697 nn.
1041 2657 1152 2699 annum
1167 2637 1229 2699 im-

123 2725 202 2804 perii
224 2725 366 2803 Augusti,
388 2725 458 2786 anui
473 2744 503 2785 v.
513 2743 728 2785 amccecuxvn.
744 2744 781 2783 ac
802 2714 942 2804 deinceps
965 2742 1033 2782 cum
1054 2722 1229 2787 hominibus

125 2820 323 2871 conversatus
344 2821 390 2870 est
413 2812 551 2871 salvator
571 2809 658 2868 aunis
678 2828 788 2871 xxxm.
811 2809 855 2869 ite
875 2818 912 2868 ut
935 2807 972 2869 ab
995 2806 1109 2870 Adamo
1132 2828 1227 2889 usquo

125 2895 164 2956 ad
194 2894 310 2956 Christi
335 2897 470 2957 Natalem
496 2904 527 2955 et
554 2894 782 2955 crucifixionem
809 2893 1010 2958 conficiantur
1036 2895 1107 2954 anni
1132 2915 1175 2957 u1.
1192 2916 1227 2958 u.
1335 2936 1345 2949 ·

123 2978 216 3061 pleni.
260 2980 370 3042 Phalec
392 2982 521 3061 quippe,
546 2978 635 3059 juxta
656 2979 769 3059 Moysis
789 2979 999 3060 Prophetiam,
1020 2979 1152 3040 medium
1167 2979 1228 3041 ¹sii·

124 3068 205 3127 citur
226 3067 296 3125 anni
319 3065 430 3128 Christi
450 3064 659 3147 apparitionis.
691 3065 953 3137 Quemadmodum
975 3064 1054 3125 enim
1075 3063 1227 3129 hominem

125 3150 173 3213 dio
193 3153 373 3213 recreauit
393 3154 488 3228 Deus,
510 3150 563 3230 qui
585 3149 726 3229 deinceps
747 3151 780 3213 in
804 3159 961 3231 peecatum
983 3149 1107 3227 incidit,
1131 3150 1226 3213 sicet

1 3251 2 3294 t
124 3238 283 3307 millenarii
305 3237 352 3297 die
371 3257 414 3300 vr.
434 3238 467 3297 iu
487 3246 598 3296 terram
620 3235 721 3309 venit,
739 3235 888 3316 illumque
908 3236 1026 3295 salvum
1047 3234 1130 3296 fecit.
1159 3235 1224 3296 Hoc

124 3324 202 3383 enim
223 3322 338 3383 indicat
354 3322 462 3384 ¹(lirina
489 3320 668 3400 Scriptura,
697 3320 769 3381 dnm
791 3321 834 3382 ait
846 3364 855 3395 ,
883 3320 950 3383 Dies
969 3319 1082 3379 Dareitai
1096 3325 1129 3378 ut
1151 3321 1224 3381 mille

122 3413 197 3469 unni.
243 3408 329 3483 Quae
351 3409 472 3488 quidem
494 3404 583 3466 etiam
605 3405 757 3481 Clemens,
779 3427 815 3473 ac
836 3402 1040 3484 Theophilus,
1062 3411 1092 3463 et
1113 3402 1221 3462 Timo-

115 3492 210 3554 'theut
238 3493 366 3574 piissimi
391 3504 562 3573 temporum
593 3489 784 3568 indagatores
813 3509 961 3550 consensu
988 3486 1122 3548 unanimi
1148 3500 1270 3563 suuis

120 3579 327 3659 interpretati,
356 3588 443 3639 sexto
467 3578 584 3638 scilicet
605 3595 753 3636 annorum
774 3574 941 3637 millenario
963 3574 1135 3654 apparuisse
1159 3574 1220 3635 Do-

121 3665 250 3739 minum,
269 3664 357 3740 juxta
367 3686 409 3725 vr.
425 3664 541 3724 dierum
553 3678 707 3722 numerum
728 3660 916 3733 formationis
930 3659 1052 3731 hdami,
1073 3657 1219 3721 universis

121 3751 211 3812 salvis
225 3751 314 3809 factis
328 3749 508 3811 hominibus.
530 3747 590 3809 Atii
608 3756 708 3809 antem
723 3746 829 3807 dicunt
843 3745 958 3808 venisse
967 3746 1126 3806 Dominum
1139 3765 1218 3805 anno

120 3854 210 3896 mm.
225 3834 280 3896 sed
295 3834 385 3915 pauci
397 3837 430 3897 in
442 3834 503 3895 hoc
521 3832 721 3907 consentiunt,
738 3832 859 3909 inanno
870 3849 942 3893 vero
956 3850 997 3891 vn
1003 3851 1037 3890 m.
1053 3850 1155 3890 omnes
1168 3834 1227 3888 aci

121 3923 217 3983 curati
232 3920 402 4002 Scriptores
417 3920 615 3987 conveniunt:
628 3918 681 3979 sed
693 3938 756 3978 vox
769 3914 947 3999 prophetica
960 3916 1116 3978 veritatem
1129 3913 1219 3992 longe

120 4008 212 4089 magis
223 4007 345 4090 probat,
358 3999 654 4088 quaesexmillesimo
668 4024 747 4064 enno
762 4004 946 4066 incarnatum
953 4000 1113 4062 Dominum
1119 3997 1217 4065 docet.
