3026 4900
274 337 416 429 ‚ero
575 386 580 399 .
727 283 971 403 noris

307 504 331 513 '⁴
355 508 359 511 ’
385 507 455 582 Pssg·
476 502 552 571 469:
581 502 629 568 tt.
660 506 722 601 ἣν
742 504 892 584 συσκενῆς
914 505 975 566 νῶν
998 499 1170 581 tortoles]
1198 500 1283 562 Ilaec
1305 513 1340 577 m
1361 502 1402 562 li-

295 589 359 652 bria
381 589 565 670 apocryphis
587 588 756 668 desumpta.

383 679 454 753 Pag·
476 675 550 742 459.
573 678 626 742 16.
669 677 719 748 Ως
735 672 911 753 ἐκδίκησιν]
932 670 1006 732 cod.
1028 670 1124 733 Vatic.
1139 665 1257 734 ,καθότι
1277 665 1401 758 Heleirp

287 754 526 840 uiuereepsilneer
544 759 587 833 eie
600 760 644 834 είς
658 758 821 839 ἐκδίκησιν.
864 758 973 818 lieder.
996 753 1120 820 Κοθότε
1135 751 1271 823 nauseo
1296 752 1400 820 ἆπεκε-

295 840 425 926 φίλησον
444 844 489 921 νίς
514 845 678 927 ἐκδίκησιν.
722 844 799 906 Vide
821 864 898 926 quae
917 862 1010 924 supra
1041 844 1217 904 annotamus
1247 842 1288 903 de
1311 843 1400 905 Pilati

386 1019 453 1094 Peg·
475 1014 548 1082 45&
572 1018 620 1080 16.
664 1018 757 1078 Ετοῑν
774 1008 845 1095 ξθ’.]
867 1013 1028 1077 Sicetiam
1050 1012 1125 1075 cod.
1146 1012 1244 1074 Vatic.
1281 1011 1341 1073 sed
1356 1021 1401 1072 est

288 1122 380 1165 error
399 1102 431 1162 in
453 1120 594 1162 numero:
629 1099 705 1161 obiit
727 1100 807 1163 enim
831 1100 910 1161 Nero
931 1119 1035 1163 xrxn.
1064 1099 1169 1160 aetatis
1193 1116 1282 1160 anno.
1324 1099 1401 1158 Sue-

293 1189 406 1249 tonius.
792 1226 795 1237 ·
972 1218 975 1223 ⁴
1295 1216 1299 1224 ·

378 1271 450 1333 lbid
494 1267 584 1335 Merui
606 1270 754 1357 Νέρωνα]
777 1272 823 1334 Ex
843 1272 965 1334 Eusebii
986 1269 1147 1334 Chronico.
1187 1304 1191 1346 ;

300 1394 302 1403 ¹
383 1362 453 1435 Pug-
474 1356 549 1424 459.
570 1362 619 1422 17.
662 1353 719 1432 ct'.
741 1352 797 1438 κη’.
820 1353 878 1422 σθ’.
898 1355 946 1423 σι’.
968 1355 1050 1437 σιώ]
1089 1357 1172 1417 llaec
1194 1363 1266 1435 post
1293 1375 1399 1416 vocem

298 1437 410 1523 Ρνίμης
431 1443 541 1502 desunt
560 1443 592 1501 in
613 1442 686 1507 edit.
710 1445 869 1524 scaligeri,
899 1464 993 1526 eaque
1015 1442 1186 1519 omisimus,
1220 1450 1312 1522 atque
1335 1444 1399 1501 Ila-
1497 1480 1498 1499 .

178 1559 181 1567 ’
297 1530 389 1591 derue
407 1528 495 1589 uncis
515 1524 688 1590 incluserat.
1033 1566 1035 1577 ι
1074 1570 1079 1577 «
1497 1530 1498 1537 ’

385 1618 456 1691 Peg.
478 1613 551 1680 459.
575 1619 624 1680 18.
667 1613 825 1695 amesae]
863 1617 904 1675 lle
926 1615 1012 1676 annis
1039 1611 1160 1694 Imperii
1183 1609 1317 1686 Galbae,
1340 1609 1400 1670 Vi-

296 1699 373 1761 tellii
395 1709 425 1759 et
447 1697 595 1777 Othonis,
631 1700 686 1779 qui
706 1701 781 1760 aliea
808 1702 987 1781 perobscuri
1006 1709 1094 1776 sunt,
1123 1706 1250 1775 egerunt
1279 1706 1400 1776 praeter

297 1787 478 1846 Clementem
507 1784 746 1846 Alexandrinum
775 1787 905 1866 Scaliger
936 1788 991 1849 lib:
1011 1805 1041 1846 v.
1070 1786 1109 1846 de
1136 1781 1288 1842 Emendat.
1311 1792 1400 1862 temp.

182 1873 208 1930 V
226 1872 279 1933 447
295 1871 439 1934 Petarius
460 1869 501 1930 ed
521 1870 722 1952 Epiphaniam
743 1891 774 1952 p.
795 1875 869 1940 885.
891 1883 921 1934 et
944 1872 1053 1952 Pagina
1070 1870 1102 1931 in
1125 1870 1244 1947 Prolog.
1267 1867 1310 1927 ad
1329 1867 1401 1926 llis·

291 1967 368 2021 eert.
390 1957 503 2036 Hypat.
523 1977 554 2020 n.
574 1977 641 2017 xix.
1295 2020 1298 2028 ,

383 2046 454 2119 Par.
475 2041 548 2107 460.
572 2041 601 2107 4.
648 2043 796 2123 Ρωμαίων
810 2037 860 2123 ζ’.]
882 2043 1024 2122 Plerique
1039 2040 1246 2122 Scriptorum,
1263 2038 1399 2113 Galbam,

294 2127 452 2189 Vitellium
475 2135 506 2186 et
527 2125 678 2187 Othonem
699 2130 731 2187 in
757 2129 977 2208 Imperatorum
1006 2128 1084 2188 serie
1113 2128 1274 2201 omittunt,
1309 2123 1399 2204 quod,

291 2223 330 2275 ut
351 2212 395 2274 ait
412 2212 562 2291 Scaliger,
587 2213 620 2273 da
632 2218 669 2274 lie
680 2217 728 2274 sis
738 2215 878 2293 peeidpiom
895 2215 990 2291 colligi
1002 2218 1089 2293 possit
1105 2218 1215 2291 macter
1230 2215 1400 2288 argument,

292 2303 443 2378 incerteque
463 2319 550 2358 eorum
575 2303 631 2359 rint
657 2303 754 2361 tuitio:
782 2299 861 2363 adde
888 2309 920 2360 et
948 2300 1032 2379 quod
1057 2297 1189 2378 arrepti,
1221 2297 1273 2358 vel
1299 2294 1399 2368 deleti,
1499 2300 1500 2303 ’

292 2384 430 2465 gestique
460 2385 580 2465 Imperii
614 2404 669 2465 per
700 2386 865 2447 tumultum
901 2383 1051 2465 quendam
1085 2384 1245 2445 militarem
1280 2392 1400 2462 tempus
1499 2410 1500 2417 ο

291 2471 500 2532 brevissimum
524 2470 623 2532 luerit.
646 2471 731 2530 Unde
750 2482 814 2531 tres
834 2472 891 2530 hoe
913 2470 1070 2551 Principes
1093 2463 1222 2543 ἀθλίους
1237 2466 1289 2530 καί
1302 2468 1400 2531 telae

293 2559 380 2630 οίονς
403 2552 549 2639 ἄρχοντας
578 2565 669 2616 vocat
699 2557 853 2637 Eunapius
882 2555 914 2614 in
937 2555 1102 2616 Prooemio.
1146 2553 1280 2614 Proinde
1302 2573 1341 2614 ex
1359 2554 1399 2619 ,iis

292 2648 366 2701 aunt
388 2661 464 2720 quos
486 2641 675 2721 Lampridius
696 2641 728 2701 in
750 2640 947 2721 Heliogabalo
970 2651 999 2701 et
1020 2641 1049 2701 in
1076 2640 1251 2721 Alexandro
1275 2641 1399 2714 Severo,

292 2732 426 2793 multer
447 2733 474 2787 et
493 2730 542 2786 usic
563 2748 665 2786 emuna
685 2733 712 2787 et
740 2731 838 2804 hiulca,
861 2727 958 2787 Pollio
984 2747 1057 2787 vero
1078 2727 1113 2787 in
1135 2724 1277 2803 Claudio,
1298 2726 1400 2785 turnell-

290 2817 399 2875 aanor
418 2810 592 2917 Imperatores
606 2833 640 2872 oc
657 2814 764 2890 regulos
780 2814 955 2895 appellant,
975 2812 1161 2884 advivente
1177 2806 1308 2894 ὀνείροις
1324 2833 1400 2890 pev-

292 2900 408 2960 τασιοδν
424 2894 515 2959 audiv
535 2891 725 2980 ἀλλοιότερον
743 2893 921 2980 γεγονότας,
945 2908 981 2958 ut
1002 2899 1089 2960 addit
1103 2897 1248 2958 Zosimus.
1280 2896 1320 2957 lie
1342 2896 1400 2975 igi·

294 2991 363 3056 tur,
386 2982 523 3055 uldini,
546 2981 678 3053 omissis,
700 2983 813 3043 Neroni
832 2983 1047 3063 Vespasianum
1069 2983 1168 3045 statim
1191 2982 1343 3057 subdunt,
1367 2991 1400 3040 ut

294 3066 412 3126 Auctor
434 3064 577 3126 chronici
597 3086 718 3126 rursum
745 3089 813 3148 pag.
836 3074 906 3135 166.
934 3068 987 3129 ubi
1010 3070 1225 3150 Vespasianum
1247 3078 1320 3147 post
1341 3068 1399 3127 Ne·
1500 3098 1501 3143 1

293 3171 400 3213 renem
421 3151 583 3233 imperasse
604 3162 706 3214 exerte
728 3155 789 3233 eit,
820 3154 1006 3234 Hippolytus
1027 3165 1059 3215 et
1079 3154 1228 3217 Eusebius
1249 3153 1281 3213 in
1297 3152 1398 3214 Chro-

294 3238 390 3313 nicis‚
420 3237 499 3299 idem
528 3237 665 3299 Zosimus
694 3239 745 3301 tib.
772 3261 794 3304 1.
836 3238 1024 3321 Epiphanius
1052 3242 1084 3299 in
1111 3241 1267 3301 ancorato
1296 3260 1327 3302 n.
1349 3260 1399 3298 nx.

294 3324 488 3385 Marcellinus
506 3325 628 3401 Comes,
650 3326 797 3401 Senator,
825 3326 958 3387 Mellitus
978 3328 1010 3386 in
1032 3326 1119 3388 brevi
1139 3337 1312 3405 temporum
1335 3325 1398 3382 tx-

294 3411 446 3490 positione
468 3412 527 3471 MS.
552 3411 715 3489 Gregorius
736 3414 849 3476 Turon.
866 3411 923 3471 tib.
938 3433 959 3471 1.
979 3411 1058 3473 Iliet.
1081 3431 1148 3492 cap.
1161 3430 1278 3471 xxxin.
1289 3429 1398 3470 xxxiv.

293 3496 467 3573 Freculfus,
490 3497 607 3557 Auctor
628 3496 820 3558 collectionis
841 3497 1010 3558 ilistorioae
1032 3497 1112 3575 apud
1136 3497 1291 3556 Canisium
1308 3505 1399 3554 tons.

217 3612 225 3623 =
293 3580 399 3660 Antiq.
423 3583 502 3643 Lect.
526 3591 556 3642 et
576 3583 695 3661 aliquot
715 3584 781 3660 elii,
803 3581 865 3662 qui*
878 3583 1093 3662 Vespasianum
1115 3603 1169 3642 vn.
1193 3603 1231 3642 ex
1255 3580 1399 3640 Romanis
1500 3594 1501 3603 ¹

291 3664 528 3746 imperatoribus
549 3668 640 3728 luisse
661 3668 763 3741 aiunt,
791 3677 927 3731 caeteros
951 3668 1094 3749 deinceps
1118 3668 1288 3746 Augustos,
1311 3666 1399 3745 adje-

291 3758 342 3810 cto
364 3751 404 3810 ed
424 3752 583 3832 septimum
604 3773 730 3813 numero
750 3764 958 3815 recensentes:
987 3754 1070 3833 quod
1099 3753 1215 3815 seilicet
1237 3752 1399 3832 Vespasia·

184 3843 277 3901 P5³0
291 3854 350 3896 nus
372 3836 471 3896 statim
493 3838 558 3897 fere
585 3848 656 3918 poet
686 3848 815 3899 mortem
853 3840 981 3901 Neronis
1014 3839 1183 3920 Imperator
1216 3838 1399 3898 acclamatus

291 3919 401 3999 suerit,
422 3931 483 3982 tres
505 3942 577 3983 vero
600 3923 650 3982 alii
671 3945 728 4004 pro
749 3926 887 4004 tyrannis
909 3924 1006 3992 habiti
1026 3926 1103 4002 sint,
1124 3945 1256 4004 quorun
1279 3923 1398 3983 Princi-

292 4015 431 4089 patum,·.
446 4027 508 4067 non
538 4008 717 4088 Imperium,
742 4010 978 4077 retrebutorem
1000 4011 1180 4080 ideovocat
1202 4008 1398 4087 'irataquillus

293 4092 326 4152 in
348 4091 453 4153 eodem
477 4094 657 4173 Veapssiaao
679 4112 783 4176 cep.³1.
806 4097 942 4158 Clemens
955 4096 1179 4165 alexandrinus
1200 4095 1251 4157 lib
1264 4116 1284 4153 ι.
1307 4092 1399 4153 Stro—

294 4186 367 4241 mat·
391 4187 423 4239 et
444 4178 571 4253 Orosius
590 4180 642 4255 lib.
666 4201 720 4242 vu.
745 4200 811 4263 cap.
830 4203 888 4245 uta
907 4181 1029 4243 Vitellio
1041 4193 1080 4257 ¹et
1102 4180 1236 4245 (Ithone.
1248 4181 1399 4240 duntaxat

292 4282 335 4325 ex
355 4264 574 4345 Imperatorum
597 4265 672 4326 serie
695 4266 872 4345 segregatis,
893 4267 933 4327 ab
957 4268 1109 4348 Augusto,
1131 4267 1181 4331 cui
1203 4263 1398 4327 Monarchiae

294 4348 447 4413 Itomanae
468 4349 623 4415 inchoatae
643 4352 811 4434 primordie
832 4353 1009 4445 adscribpmt
1027 4354 1185 4436 plerique,
1205 4349 1399 4419 ototsorat
